2867 5059
304 396 354 463 vr
421 463 424 468 4
664 395 1024 453 commuurnrro
1137 421 1139 428 ·

166 667 173 684 ,
308 573 457 652 tidianis
480 571 611 653 officiis
632 572 865 676 defatigatur,
895 597 1041 652 nouum
1055 574 1224 680 laborem
1241 577 1384 682 prorsus

308 708 526 808 refugiebat.
594 704 778 784 Eumdem
800 720 989 808 praeterea
1019 691 1175 810 subinde
1207 711 1384 789 disturba·

309 843 400 920 bant
424 842 548 919 morbi
572 865 742 918 meorum
772 841 939 941 aliaeque
966 840 1232 924 sollicitudines
1259 847 1383 924 dome·

309 961 437 1065 sticae,
466 998 562 1077 quae
586 998 687 1053 anno
711 974 919 1075 superiore,
951 995 1030 1073 quo
1054 977 1189 1074 iamin
1213 1004 1259 1059 eo
1276 1005 1384 1071 eram,

172 1163 175 1170 ·
301 1083 352 1185 ¹'rt
376 1105 540 1185 vltimam
568 1112 673 1209 operi
698 1129 850 1186 manum
871 1109 1130 1202 admonerem,
1158 1115 1388 1213 augebantur

143 1251 146 1258 “
210 1265 214 1280 ‘
263 1311 267 1330 ,
308 1241 526 1343 grauiffimis
545 1243 772 1331 vulneribus,
803 1257 923 1320 morte
941 1262 1148 1344 parentum,
1178 1246 1246 1325 filii
1267 1264 1304 1326 et
1319 1249 1386 1326 fra.

225 1413 228 1422 ·
310 1379 377 1453 tris
403 1377 494 1456 milri
518 1377 670 1455 inflidir'.
731 1376 788 1454 Ad
811 1376 902 1458 haec
924 1380 1199 1478 inpedimenta,
1235 1387 1387 1484 quibus-

311 1533 400 1588 cum
420 1510 510 1588 mihi
533 1510 821 1591 cooflitlandum
840 1525 937 1601 erat,
967 1513 1195 1593 adcedebant
1214 1515 1284 1594 alia
1309 1538 1387 1593 non

310 1646 478 1735 minora,
506 1667 600 1744 quae
617 1645 691 1746 ipsa
714 1631 838 1744 operia
853 1643 1009 1746 suscepti
1028 1623 1224 1725 difficultas
1248 1648 1388 1727 adfere-

312 1779 385 1856 bat
445 1765 697 1878 Antiquarum
715 1776 815 1850 enim
838 1792 1044 1874 poetarum,
1076 1781 1179 1880 quod
1196 1781 1291 1890 infra
1309 1775 1389 1883 plu·¹

256 1973 259 1980 .
312 1914 415 1990 ribus
433 1910 643 1997 declarabo,
668 1909 737 1983 viri
755 1907 854 1985 door
873 1911 1018 1987 nullum
1036 1913 1113 1990 fere
1130 1919 1261 2015 magis,
1278 1940 1388 2019 quam

303 2045 465 2134 Silium,
503 2042 721 2142 neglexere,
764 2054 820 2132 et,
855 2047 921 2143 qui
951 2048 1093 2145 optime
1121 2051 1229 2126 etiam
1265 2049 1313 2128 de
1342 2072 1388 2128 eo

312 2179 436 2256 meriti
467 2176 569 2267 lunt,
612 2174 658 2252 ad
686 2178 1028 2282 interpretationem
1063 2194 1187 2260 tamen
1219 2185 1391 2262 carminis

277 2279 444 2413 ‘’parum
465 2309 679 2400 contulere,
712 2333 940 2411 omnemque
965 2336 1082 2414 paene
1097 2319 1306 2415 operam-in
1325 2317 1393 2426 cri·

308 2446 386 2523 tica
403 2448 481 2522 eius
506 2431 720 2527 traditione
745 2442 955 2543 posuerunt
1017 2445 1261 2551 Quicumque
1279 2450 1393 2556 igitur
1410 2447 1414 2462 '

304 2569 539 2670 editionem,
572 2577 664 2656 Silio
688 2577 861 2678 dignam,
892 2579 1109 2670 meditatur,
1144 2581 1179 2656 ei
1203 2597 1305 2657 noua
1330 2578 1394 2656 ad·

315 2736 438 2814 eoque
475 2713 617 2791 lubrica
657 2715 713 2789 via
737 2709 998 2811 ingredienda,
1046 2693 1094 2791 et‘
1118 2735 1198 2791 nou
1239 2728 1395 2792 contex-

313 2862 375 2926 tus
400 2862 565 2958 tantuna,
602 2870 713 2947 quam
739 2862 776 2923 et
794 2844 1118 2925 accuratillim'o'et
1134 2821 1393 2924 modestiffimo

294 2981 541 3084 ‘potillmum
569 2981 710 3060 iudicio
732 2980 964 3080 fieripotest,
994 2967 1294 3080 constituendus,
1334 2978 1396 3057 sed

280 3127 285 3138 '
313 3130 426 3218 poeta
458 3083 775 3217 etiam‘perpetuo
812 3117 981 3221 inprimis
1014 3119 1285 3194 commentario
1309 3114 1397 3192 illd·

314 3250 482 3327 strandus
503 3249 562 3326 eit
624 3247 716 3342 Quo
734 3244 860 3325 officio
885 3265 923 3325 vt
944 3247 1038 3348 rede
1063 3248 1239 3349 perfungi
1268 3262 1395 3350 queat,

133 3441 143 3464 .
315 3380 458 3461 necelle
476 3384 526 3461 eli
541 3383 586 3459 ad
603 3405 754 3460 manum
779 3383 812 3459 ei
829 3377 917 3471 effe,
956 3381 1083 3460 finon
1110 3383 1258 3463 codices
1281 3405 1397 3461 manu

314 3517 490 3618 scriptos,
516 3529 616 3595 certe
640 3497 801 3617 optimas
817 3515 928 3602 huius
948 3516 1184 3618 aliorumque
1209 3520 1401 3620 antiquio·

315 3652 366 3726 ris
387 3653 470 3732 aeui
485 3649 676 3729 nullorum
693 3651 889 3740 editiones,
910 3647 1136 3751 'multosque
1156 3652 1249 3730 alios
1263 3654 1398 3740 libros,

317 3762 606 3864 commentarion
639 3798 677 3862 et
705 3784 1007 3874 obseruationes,
1051 3808 1118 3886 per
1152 3788 1250 3862 varia
1284 3806 1401 3886 opera

317 3914 502 4018 dispersas.
571 3916 695 3998 Huius
725 3941 814 3994 vero
848 3893 1047 4017 adparatus'
1068 3915 1275 4018 colligendi
1293 3918 1402 4021 duem

261 4035 264 4042 ’
317 4049 467 4155 prorsus
483 4075 545 4131 me
565 4055 724 4174 abiicere
743 4052 899 4142 iubebat
915 4077 969 4144 ea,
997 4076 1110 4156 quam
1127 4052 1270 4144 incolo,
1300 4054 1402 4142 vrbs,

822 4191 825 4200 ⁴
1323 4185 1403 4276 vbi,
