2867 5059
600 250 607 282 1

150 453 154 464 ·
204 429 265 485 nn
292 409 414 486 srnri
443 428 557 488 vrrs
586 425 644 482 aa
673 421 900 482 ananias.
984 419 1093 488 xxttt

58 595 163 672 redolet,
183 595 264 679 quod
279 605 446 681 tantopere
462 587 599 681 displicet
613 598 646 661 in
661 581 807 672 Lucan0,l
817 603 975 679 perpetuo
990 591 1088 658 decia-

58 688 155 756 more,
173 683 239 763 qui,
261 684 348 766 quod
364 683 522 749 testeiam
540 687 733 748 Burmannus
752 681 883 748 notauit,
906 679 1007 741 cbiuic
1021 678 1089 740 lon·

59 767 141 914 qapude
159 767 233 830 titiis
255 780 311 831 aut
329 767 493 831 virtutibus
516 767 738 851 disputationes
759 777 945 848 argutusque
962 761 1089 828 Schola·

74 853 80 866 '
112 869 166 913 rum
180 849 346 915 sententias
362 851 523 928 infercire,
543 863 585 926 et,
607 853 657 916 vbi
676 852 783 934 paucis
803 851 969 912 admodum
989 871 994 884 ·
1027 845 1090 908 rbis

62 953 107 1007 rs,
122 934 221 997 uiroc
241 936 295 999 vel
309 936 364 999 iilo
382 927 494 1020 gestas,
515 936 786 1004 commemorauit.
807 934 915 1004 statim,
936 945 963 996 tu
1010 949 1092 1014 ,uam
1163 985 1168 998 .

61 1018 220 1100 inporticum
234 1030 289 1084 aut
302 1022 500 1084 Academiam
515 1020 550 1087 lit
567 1021 744 1090 translatos,
766 1017 986 1108 Philosophum
996 1033 1113 1096 agere*

61 1103 121 1166 solet.
152 1102 228 1166 Huic
250 1104 422 1170 sententiae
447 1117 479 1170 et
497 1107 652 1188 poematis
682 1103 777 1180 nostri
797 1117 1031 1184 argumentum,
1061 1111 1094 1161 ct
1198 1127 1224 1186 g

56 1185 265 1256 ,monastario
287 1188 472 1278 respondet,
494 1191 579 1274 qnod
599 1211 638 1253 ex
658 1188 813 1252 solertiori
834 1183 969 1253 tertione
991 1184 1092 1248 cuiuis

61 1270 243 1352 adparebit,.et
264 1273 346 1336 insta
364 1274 501 1356 pluribus
517 1273 783 1338 demonstrabitur.
827 1269 963 1348 Quodsi
986 1288 1094 1331 verum
1133 1305 1140 1324 .

61 1355 247 1427 dilabentes
268 1357 412 1439 regulam
434 1377 656 1443 normamque,
685 1359 723 1420 ad
745 1376 834 1439 quam
858 1356 969 1418 iudicia
991 1351 1095 1417 nostra

62 1440 205 1520 diriganrm,
236 1441 380 1506 et'facile
403 1442 602 1526 intelligitur,
636 1445 754 1505 nodum
773 1443 804 1504 in
821 1440 920 1521 scirpo
945 1457 1094 1521 quaerere

60 1542 208 1607 operamque
230 1525 359 1600 ludere,
391 1527 443 1610 qui
468 1528 736 1610 eomparationem
755 1527 836 1600 inter
857 1525 966 1591 Silium
988 1522 1093 1603 Virgi-

61 1607 162 1691 luraque
180 1608 357 1685 instituunt,
382 1613 547 1695 omniaque
573 1633 627 1688 ea,
666 1611 819 1696 quaesiti
844 1608 928 1673 dotti
951 1608 989 1670 de
1009 1601 1095 1688 poesi

62 1693 126 1782 epioe
140 1707 269 1759 accurate
292 1716 330 1760 ac
352 1695 480 1778 copiose
502 1707 743 1781 praeceperunt,
780 1694 818 1755 ad
839 1705 978 1757 nanuum
1008 1709 1094 1773 prae·

61 1775 216 1861 hastaque
246 1781 397 1843 carminis
433 1777 526 1844 nostri
558 1782 617 1845 rite
649 1777 865 1862 aestimandam
895 1775 1095 1840 transierunt

63 1860 247 1945 tumeam
266 1863 415 1947 inprimis
437 1886 483 1940 ea,
504 1883 582 1948 quae
597 1864 637 1927 de
652 1862 826 1946 argumenti
848 1860 981 1930 deletio,
1004 1858 1094 1920 noui·

62 1953 119 2020 tate,
137 1945 271 2023 stitione,
293 1950 412 2011 veritate
431 1961 463 2013 et
485 1950 616 2018 ambitu,
657 1949 695 2012 de
712 1945 865 2029 temporis
880 1943 998 2028 spatio,
1031 1959 1096 2024 quo

62 2029 411 2118 iltndcomprehendatn'r,
432 2034 471 2096 de
493 2033 638 2096 carminis
661 2033 771 2104 heroe,
791 2049 884 2113 quem
905 2038 1013 2110 putarit
1035 2023 1097 2090 esse

63 2114 240 2188 tantidem,
273 2119 315 2180 de
337 2115 547 2184 chamsterdm
564 2119 614 2181 vel
637 2115 794 2199 epicorum
813 2113 1012 2196 personarum
1040 2129 1096 2173 nu·
1124 2157 1129 2165 .

63 2217 126 2261 nero
144 2213 189 2264 aut
202 2192 374 2275 varietate,
396 2203 434 2265 de
452 2202 592 2279 sitione,
614 2202 700 2264 etde
716 2199 926 2284 episodiorum
940 2217 1012 2264 cunt
1029 2213 1096 2257 nar-

64 2285 151 2345 ratione
171 2306 269 2370 nexu,
300 2299 412 2370 argute
427 2288 546 2372 magis,
567 2304 658 2372 quam
679 2283 770 2358 vere,
792 2293 862 2370 apte
877 2295 967 2364 atque
983 2277 1100 2344 vtitim

19 2375 20 2378 ’
64 2363 218 2449 dipunntor.
259 2371 350 2440 Haec
369 2373 474 2434 omnia
495 2370 635 2454 persequi
654 2381 687 2432 et
704 2381 850 2432 excutere
873 2367 948 2430 nihil
970 2365 1104 2436 adtinet,

64 2456 173 2534 nomm
190 2453 305 2531 adine,
327 2473 419 2538 quem
436 2467 530 2537 poeta
546 2451 739 2540 propolitum
758 2450 811 2514 fibi
829 2451 951 2523 habirit,
966 2446 1098 2532 'prorsus

19 2549 20 2574 i
65 2535 213 2604 diensiunt.
254 2541 336 2610 Non
359 2541 442 2602 enim
462 2541 585 2622 epiqum
598 2557 721 2602 carmen
744 2536 873 2598 scribere
899 2535 1016 2608 voluit,
1045 2529 1097 2594 sed
1152 2533 1154 2542 “

64 2619 217 2698 historicum,
244 2621 339 2708 quale
359 2625 447 2688 multi
466 2626 548 2699 iam,
570 2625 654 2705 iique
675 2619 869 2704 antiquissimi
890 2624 1003 2702 poetae
1025 2627 1098 2679 ante

66 2709 337 2773 euncondiderant:
357 2711 390 2771 in
407 2728 470 2792 quo
491 2709 680 2790 nuncrideo
699 2705 822 2768 mecum
837 2701 1012 2768 consentire
1031 2700 1096 2767 Cel.

68 2788 146 2874 seyne
160 2795 192 2855 in
204 2794 322 2858 Arimi
337 2792 450 2858 literar.
469 2794 634 2875 Goeteing.
653 2813 680 2854 a.
694 2798 784 2867 1782.
806 2787 961 2854 Additum.
983 2807 1013 2871 p.
1028 2784 1097 2846 261.

71 3024 86 3039 .‚
100 2919 107 2938 ⁰
141 2946 181 3012 tit
196 2909 333 3023 Ernesti,
346 2933 528 3012 nouiliimus
541 2943 862 3029 ingeniosrliimusque
877 2951 991 3025 poetae
1004 2936 1100 3002 nostri

70 3033 178 3120 nitores
191 3045 222 3097 et
236 3034 354 3106 editor,
376 3032 408 3094 in
423 3030 630 3116 disquisttiorre
643 3033 681 3093 de
697 3032 832 3093 camnine
844 3028 966 3092 Siliano
988 3045 1018 3107 p.
1029 3043 1099 3088 xxi

68 3127 156 3190 mitt,
176 3137 304 3181 carmen
324 3115 462 3182 nosn'um
483 3136 550 3179 non
570 3128 634 3180 tam
652 3107 831 3179 historicum
846 3109 923 3187 effe,
947 3129 1026 3192 quae
1049 3107 1099 3169 ad·
1216 3135 1219 3140 ·

67 3195 155 3272 nito
168 3205 259 3266 nimis
275 3199 470 3282 ambigueiit
487 3213 577 3282 atque
591 3202 718 3275 incerta,
741 3217 834 3281 quam
850 3198 981 3274 uuidere
996 3212 1102 3280 quarn·⁴
1177 3195 1181 3256 i
1246 3209 1251 3218 ·

70 3277 150 3348 ⁶¹³st
166 3282 318 3358 ὖῐίδϋῖίν,
341 3284 404 3360 seu,
423 3287 552 3350 nomine
567 3307 608 3346 ea
621 3284 796 3349 Rhetorum
815 3283 984 3345 latinorum
1000 3278 1102 3359 palae·
1134 3277 1139 3296 ¹

69 3359 208 3447 inperito,
229 3370 482 3434 declamationem
494 3371 543 3435 vel
558 3370 813 3432 exercitationem
827 3365 993 3450 poeticam.
1011 3362 1101 3424 cuius

70 3464 241 3528 termentum
264 3452 377 3518 austor
402 3476 440 3517 ex
459 3455 531 3518 belli
554 3455 662 3519 Punici
682 3453 805 3516 secundi
824 3450 949 3514 historia
974 3445 1026 3509 fibi
1048 3445 1099 3506 dc·

70 3517 211 3621 Ῑθὲθῐῑῑό)
251 3537 359 3604 Huius
382 3542 486 3603 omnis
508 3538 646 3602 nominis
667 3558 703 3599 ac
721 3536 890 3606 sententiae
904 3536 951 3599 vis
967 3543 1000 3595 et
1013 3526 1101 3592 causa

70 3625 240 3692 ammanus
259 3622 463 3706 intelligatur,
485 3623 563 3773 haqc
579 3622 723 3718 disputat:
1019 3699 1046 3766 c

423 3731 432 3774 ἵ
573 3728 594 3786 4
996 3707 1017 3734 “
1047 3713 1099 3764 um

91 3860 271 3952 ”ir-citant.
280 3893 315 3946 ad
324 3891 452 3958 Theophr.
460 3893 537 3945 Clrrr.
593 3891 701 3946 infinitis
721 3903 885 3947 exercerent,
906 3887 948 3940 alii
964 3899 1034 3938 verat
1053 3879 1098 3934 tat

68 3958 237 4016 inritatus.
251 3966 351 4033 Proleg.
364 3963 537 4015 adoemotth.
593 3969 633 4017 r'ea
650 3977 677 4017 et
694 3964 779 4017 causas
792 3962 936 4018 sumerent,
955 3974 987 4009 ex
1001 3971 1100 4006 memo·
1200 3991 1203 3998 .

68 4029 181 4150 “Jilaept
201 4051 226 4103 p.
244 4034 332 4105 34sq.
363 4035 407 4086 vbi
437 4050 537 4097 ruoaer,
593 4038 631 4088 ria
650 4035 811 4105 antiquitatis
828 4027 1101 4101 pierumquepetitar;

69 4096 131 4174 “ffidu
157 4118 193 4151 ere
209 4106 431 4160 declamationum
455 4121 537 4175 gertus
594 4107 689 4178 quibua
704 4108 787 4174 polles
800 4101 940 4170 luflccefferit
954 4097 1102 4150 nouaithe·

67 4155 127 4246 ψ·
154 4185 228 4239 quum
241 4175 292 4228 'alii
316 4178 443 4229 Rhetores
467 4173 489 4227 se
509 4177 537 4232 iu
594 4193 682 4230 torum
696 4176 848 4247 nurimqme
861 4192 915 4228 non
927 4171 984 4222 iaris
996 4172 1101 4225 haberti,

19 4281 21 4286 »
69 4227 277 4318 linteamenta
300 4237 537 4333 etquietiionibua
594 4247 732 4320 discipulos
756 4245 788 4300 ad
810 4242 952 4301 rniucrsam
979 4238 1102 4292 imitatio-

230 4335 234 4340 ·
595 4325 599 4332 ·
886 4333 890 4342 Α
969 4337 972 4342 >
1040 4323 1102 4360 uem
1136 4355 1139 4364 ,
