2867 5059
259 397 265 410 ’
342 405 548 468 auscnn
575 373 895 488 saeveritas..
956 433 970 452 ··
1022 415 1162 496 uxxxv

76 575 158 644 Cum
182 594 307 659 puero,
338 576 480 640 nondum
502 577 551 642 bis
571 573 786 656 farinariis,
807 583 954 650 Imilcen:

74 663 120 727 Et
138 681 228 723 nova
252 678 330 723 mox
355 663 472 742 petitur
490 662 648 743 Carthago
667 663 755 727 class'e
776 687 832 746 per
855 670 962 732 undas.
1089 691 1094 704 ·

76 750 185 826 Atque
205 745 260 808 bic
281 742 439 808 nouum
459 745 560 826 specie
582 743 720 810 mirabile
742 751 913 830 monstrum

75 829 184 902 Vidit,
206 830 242 891 in
263 828 403 892 Italicam
423 829 582 894 stimulans
601 832 666 894 fera
687 831 813 913 pediora
833 849 971 916 genten

9 970 12 976 .
75 914 240 989 Quocirca
260 913 434 975 innumeris
455 913 598 976 Romana
615 915 647 976 in
691 918 788 979 roeiia
811 923 920 985 turmis

78 997 261 1070 Constitu,
284 1013 419 1079 propere
442 1009 526 1060 trans
546 999 644 1080 Alpes
665 936 750 1081 ἔξω
772 1002 899 1082 serebat,
945 1043 954 1056 ,
1053 997 1057 1006 ’

74 1083 238 1166 Laetaque
260 1079 408 1147 Taurinis
428 1081 530 1147 statuit
550 1084 685 1149 tentoria
703 1087 833 1169 campis,

516 1343 628 1417 Lrnut
657 1342 722 1416 IV.

192 1461 289 1524 dea
312 1462 415 1537 volat,
438 1463 579 1528 Poenum
599 1465 695 1546 signis
718 1465 879 1532 hostilibus
902 1471 999 1554 Alpes

70 1543 327 1612 Transieendiffe
352 1549 481 1614 ducem.
508 1550 584 1612 totis
605 1552 776 1632 trepidatur
796 1554 828 1616 in
850 1556 943 1634 agris.

70 1629 261 1696 Consultant
282 1631 444 1694 Patresde
467 1630 567 1707 bello,
610 1633 783 1716 intritaque
805 1631 921 1700 rursuu't

67 1715 162 1780 Teu·
174 1727 305 1778 novant.
345 1714 473 1797 Libyeis
495 1716 660 1780 ostendens
682 1719 963 1786 Hannibaiurbetn

68 1799 245 1873 Militibus,
268 1801 399 1880 praedae
420 1801 551 1881 cupidos
571 1801 702 1866 tenebat
717 1819 826 1882 amore
844 1793 851 1806 ’

68 1879 124 1949 Ad
147 1903 297 1966 pugnam.
338 1883 461 1947 Interea
482 1885 600 1948 volucri
622 1898 686 1948 rate
705 1886 814 1970 Scipio
838 1887 944 1952 coniui

66 1967 222 2033 Maffifiae
241 1966 313 2030 fidis
335 1968 440 2031 aderat
459 1968 578 2032 delatus
602 1968 640 2030 ab
664 1971 751 2033 oris:

65 2053 280 2134 churritque
302 2049 383 2113 hosti
406 2052 508 2116 Ticini
529 2053 725 2116 ad'flnminis
748 2054 871 2116 undam.

62 2140 175 2219 Atque
198 2136 241 2199 ibi
262 2146 336 2198 tunc
356 2136 454 2219 prima
476 2135 636 2200 caluerunt
656 2138 749 2201 litora
769 2157 884 2220 pugna.

60 2223 130 2288 seu
153 2219 265 2284 consul
285 2220 418 2285 Trebiae
439 2220 575 2282 vicinum
597 2219 703 2302 Scipio
728 2221 842 2284 coliem

61 2306 191 2373 Cedere
210 2301 388 2385 compulsus
407 2304 514 2386 petiit:
557 2324 620 2386 quo
642 2306 779 2368 renitet
800 2304 863 2388 ipse

63 2390 217 2457 Consulis
237 2389 357 2450 adcitus
379 2387 486 2453 Siculo
509 2387 632 2471 collega
654 2388 778 2453 Peloro.
992 2463 1000 2470 ,

34 2521 39 2528 -
59 2475 175 2539 Hostis
196 2471 248 2536 sed
267 2470 369 2535 rursus
392 2469 507 2545 vidior,
549 2471 717 2554 spumantia
736 2487 860 2554 captum

1 2628 2 2639 ¹
57 2560 134 2625 Post
154 2556 382 2641 Appenninum
396 2555 577 2642 Trasymeni
597 2555 702 2641 stagna
727 2558 860 2640 petebat.

511 2832 623 2905 Lranr
647 2823 694 2906 V.
817 2849 820 2854 ·

179 2951 318 3034 Adparat
337 2951 388 3016 hic
411 2973 547 3036 pugnarn
573 2955 762 3036 superisque
784 2951 958 3018 vetantibus
979 2956 1076 3019 audax

58 3036 237 3101 flaminius
260 3037 362 3119 Tyrio
387 3039 569 3123 Trasymeni
591 3041 629 3101 ad
650 3039 755 3120 stagna
777 3049 913 3121 tyranno

57 3122 297 3202 Congreditur,
319 3126 479 3203 quamvis,
499 3123 634 3206 prudens
655 3124 792 3192 Coruine
813 3122 920 3198 sumti,

59 3209 179 3272 Orares
201 3206 350 3268 dominae
370 3227 427 3292 per
448 3209 589 3271 Dardana
609 3207 735 3269 moenia
756 3201 887 3282 Rornae,
1013 3231 1016 3236 ·

60 3293 198 3357 Cederet
221 3301 257 3352 ut
274 3290 346 3354 satis
366 3291 491 3373 paulum
511 3291 728 3374 ominibusque
746 3288 880 3354 tinistris.

60 3375 119 3441 sed
141 3393 287 3457 poenam
307 3371 437 3450 nreruit,
467 3395 586 3458 proque
607 3377 656 3437 his
680 3375 861 3439 temerarius
886 3371 963 3436 auiis

60 3460 238 3533 Obcubuit,
262 3458 332 3524 diro
353 3459 487 3523 telorum
509 3457 667 3543 obpreffus
687 3458 720 3522 in
739 3478 815 3522 arvo

60 3545 208 3628 Agmine.
250 3543 345 3606 muita
365 3557 468 3610 umen
492 3545 558 3608 leto
574 3545 660 3607 dedit
679 3553 750 3606 ante
771 3543 911 3628 pirorum

58 3634 222 3714 Corpora,
249 3641 283 3700 et
303 3627 428 3690 inferias
449 3630 573 3711 nigrum
592 3627 644 3690 fibi
666 3626 746 3700 misit
767 3628 804 3688 ad
825 3628 952 3690 Oeeunu

59 3715 139 3778 later
161 3731 250 3797 quos
272 3710 378 3775 stritio
401 3714 514 3777 cecidit
528 3707 680 3798 muerqn'e
695 3711 869 3794 Sychaeus,
900 3719 924 3742 ”
1045 3727 1049 3734 ·

59 3800 150 3862 iilius
171 3793 393 3866 Hasdrubalis.
440 3798 484 3861 At
506 3797 665 3879 postquam
686 3815 792 3878 pugna
807 3792 929 3877 quievit

49 3884 175 3946 tunae
201 3881 370 3956 Flaminii,
384 3869 493 3946 ‘vietor
514 3883 650 3964 Magone
673 3879 819 3961 sequente

59 3967 135 4032 Edu
153 3969 194 4031 ad
220 3964 351 4030 caesos,
386 3957 548 4046 ‘annisque
568 3966 722 4046 minisque
743 3961 873 4026 retentis

59 4051 307 4133 Petioribusque
331 4047 430 4112 solum
452 4049 624 4116 sternentes
643 4050 758 4131 reperit
779 4058 901 4112 ornnes⁸

568 4253 627 4360 fa
738 4345 741 4360 .
