2867 5059
266 385 384 461 txxn
423 441 429 476 ‚
489 350 513 362 ²
629 329 1004 479 conupuaarrd'

197 627 201 656 ,
266 585 310 630 eo
330 554 432 647 *opera
454 558 650 644 supersedere
667 560 830 646 possimus,
886 558 921 626 Si
939 553 1108 639 veroquid
1126 556 1165 621 ad
1186 555 1349 624 audentem

225 651 404 732 ¹1aliquam
423 647 579 714 edendum
594 648 734 721 adcedit,
756 647 788 709 id
812 646 947 727 primum
968 641 1138 707 contendat
1157 641 1277 707 necelte
1293 644 1351 715 est,

214 793 220 818 ,
242 765 247 776 ·
267 747 302 800 vt
327 743 510 800 contextum
526 736 611 797 ‘eius
631 751 724 815 quam
749 726 992 794 emendatissime
1011 727 1173 800 exhibeat,
1207 737 1246 796 et·
1262 728 1350 790 labes

220 885 226 900 ,
266 818 476 899 maculasque,
497 816 696 886 librariorum
710 816 759 879 vel
777 814 903 897 stupore
917 813 967 876 vel
986 812 1127 875 mcordia
1140 811 1351 894 ei‘adlperlas,

266 925 329 968 vna
349 920 422 966 cum
438 895 559 966 laciiuis
576 916 609 967 et
628 902 759 985 pannis,
781 898 819 963 ab
831 902 943 982 inepto
962 896 1188 980 interpolatore
1206 897 1250 960 illi
1264 895 1352 961 adlla-

114 1035 136 1064 ,,
180 994 182 998 ’
267 991 329 1064 tis,
343 986 459 1051 deleat.

268 1089 271 1094 ’
346 1138 349 1144 ,
383 1064 520 1135 Fornaffe
538 1076 643 1135 tamen
659 1045 717 1132 viri
731 1033 817 1131 dotti
832 1067 898 1129 iure
914 1065 1232 1147 meritoquenirniam
1246 1084 1352 1127 meam

201 1217 206 1226 .
267 1158 304 1224 in
325 1175 364 1218 ea
386 1173 422 1220 re
435 1153 670 1234 vituperandam
700 1151 881 1215 iudicabunt
902 1150 1099 1215 industriam:
1136 1170 1209 1213 nam
1234 1149 1354 1231 quouis

175 1287 199 1304 ‚,
246 1311 251 1324 Ι
268 1233 509 1325 propemodum¹
523 1238 667 1335 pignore·
678 1235 782 1319 polito
796 1235 989 1298 contendere
1010 1248 1044 1299 et
1063 1233 1204 1319 profiteri
1218 1232 1355 1317 poffum,

146 1373 150 1394 .
268 1339 374 1389 meam
395 1322 567 1386 editionem
583 1331 746 1385 continere
764 1312 877 1392 omnes
890 1317 1044 1384 lettiones
1058 1319 1221 1392 variantes,
1241 1319 1354 1382 aDra·
1403 1357 1407 1362 -

269 1410 366 1474 isenb.
387 1418 421 1470 et
432 1405 631 1472 Villebrunio
651 1416 793 1479 notatas,
807 1403 837 1467 -fi
855 1403 1048 1487 paucissimas
1065 1404 1149 1468 forte
1164 1400 1287 1486 prorsus
1304 1403 1357 1465 in·

117 1497 121 1506 ’
235 1557 247 1576 <
270 1496 364 1558 utiles
381 1493 552 1573 exceperis.
597 1492 702 1568 Quum
716 1509 794 1554 vero
815 1490 947 1552 varietas
963 1489 1014 1552 illa
1029 1487 1176 1553 ledlionis
1194 1498 1355 1569 magnam,

217 1570 235 1652 ,ἶ
270 1599 313 1643 ne
335 1573 436 1640 dicam
450 1576 613 1651 maiorem,
635 1583 754 1657 partem
778 1574 817 1636 ad
837 1575 948 1656 inanes
964 1573 1145 1655 quisquilias
1156 1584 1196 1638 et
1213 1573 1357 1635 librario-

271 1654 412 1727 rum'vel
431 1660 591 1742 stuporem
612 1660 663 1723 vel
680 1659 906 1742 negligentiam
928 1660 1050 1732 redeat,
1085 1676 1178 1741 quem
1201 1658 1272 1720 inde
1288 1658 1357 1720 frn-

66 1779 72 1790 “
137 1756 140 1762 ’
180 1823 184 1836 ,
272 1745 359 1813 atam
377 1744 427 1809 vel
440 1744 553 1821 Silius,
575 1744 630 1808 vel
643 1743 747 1810 letior
764 1745 925 1827 percipere
944 1740 1070 1825 potest?
1112 1743 1228 1809 Nonne
1252 1739 1356 1805 confiss

274 1832 411 1895 deratius
431 1827 526 1910 egilde
549 1831 680 1904 viderer,
700 1826 846 1891 liberum
860 1826 1032 1891 lefflonum
1048 1825 1181 1910 aliquem
1198 1825 1358 1891 delelinm

140 1951 143 1958 ·
272 1913 428 1988 feciffern,
451 1914 542 1978 etita
558 1913 720 1996 summum,
740 1911 825 1994 quod
841 1912 930 1992 iniis
944 1912 1149 1994 excerpendis
1165 1912 1241 1974 milri
1255 1912 1358 1975 deuo·

272 2002 404 2066 randum
423 1997 499 2070 fuit,
524 1997 662 2059 taedium
676 1994 847 2060 leuaffem?
908 1995 944 2061 Id
959 1997 1084 2080 qnidam
1108 1997 1145 2060 ab
1162 1997 1256 2061 initio
1273 1996 1357 2059 mihi

197 2169 201 2178 ,
271 2081 470 2180 propolimm
491 2078 578 2180 fuiile
604 2090 638 2181 et
655 2080 856 2226 constngmm
878 2098 945 2144 non
966 2080 1112 2145 diffiteor.
1166 2081 1229 2147 Sed
1251 2082 1357 2145 varias

271 2164 1374 2334 adlllttillllttttttlitlstlllittltlss}

273 2335 354 2401 mihi
367 2333 542 2398 ostendunt.
584 2335 666 2400 Nam
685 2336 821 2418 primunr
835 2335 992 2398 eiusmodi
1013 2334 1166 2402 delettnm
1183 2356 1255 2400 cum
1275 2335 1360 2398 iudi·

274 2422 329 2483 cio
348 2417 450 2485 subtili
472 2417 617 2483 adhibere
642 2421 777 2484 omnino
795 2420 961 2502 plurimum
980 2418 1170 2485 difficultatis
1181 2420 1301 2495 nabet,
1323 2419 1364 2485 e't

272 2503 398 2569 facilius
420 2503 480 2578 est,
502 2504 585 2569 utin
599 2506 687 2567 omni
706 2524 757 2578 re,
780 2505 822 2569 ita
840 2515 872 2568 et
887 2505 921 2568 in
940 2504 1015 2580 hac,
1038 2506 1129 2569 utiles
1146 2507 1365 2589 egregiasque

98 2579 123 2632 ·'
232 2587 239 2596 ‘
272 2589 368 2672 leges
385 2579 495 2661 terre,
518 2608 610 2671 quam
632 2587 755 2653 seruare
776 2602 808 2654 et
829 2590 866 2652 ad
886 2589 973 2654 ‘vsutn
995 2590 1171 2655 transferre.
1205 2591 1363 2665 'Deinde,

66 2681 79 2700 “”
154 2749 161 2762 ,
210 2673 212 2678 ’
275 2674 364 2759 quod
383 2675 446 2744 iam
465 2672 553 2755 lupra
567 2671 722 2758 profelsus
736 2672 818 2748 sum,
850 2673 883 2736 id
904 2694 1012 2738 curare
1037 2686 1070 2739 et
1091 2675 1177 2739 volui
1199 2687 1232 2740 et
1251 2675 1365 2750 debui,

273 2771 328 2832 vt,
351 2759 404 2839 qui
418 2758 500 2821 hanc
513 2757 567 2824 libi
589 2770 711 2842 pararet
726 2758 927 2833 editionem,
940 2760 1068 2859 reliquis
1086 2760 1233 2862 omnilms
1249 2779 1366 2824 carere

274 2840 835 3028 attrita-‘nauata
852 2839 1368 3011 tte,

217 3147 220 3158 .
258 3009 975 3180 „tttltclltltlazttttutaut
988 3014 1136 3163 ital:
1160 3013 1368 3183 ‘iffldi

251 3253 260 3272 ,
275 3178 524 3245 adolescentibus
541 3191 672 3255 tantum.
692 3182 745 3246 sed
763 3201 876 3246 eorum
890 3184 985 3246 etiam
1002 3185 1166 3266 magistris,
1189 3185 1369 3249 aut-omni-

72 3265 76 3272 ’
159 3279 165 3288 ‘
182 3345 188 3350 ¹
274 3285 323 3332 no
342 3264 564 3329 eruditioribus
579 3266 772 3349 longiusque
786 3267 820 3330 in
835 3267 884 3330 his
899 3268 997 3334 literis
1010 3267 1182 3352 proueffis,
1203 3269 1266 3334 siue
1283 3285 1369 3352 pro.

275 3345 380 3426 delle,
414 3347 478 3412 fiue
500 3359 623 3432 gratum
646 3350 750 3415 facere
775 3363 809 3417 et
830 3370 960 3434 operam
979 3361 1081 3417 ineam
1102 3355 1369 3438 diligentiamque

274 3434 413 3520 probare
425 3431 597 3515 cupiebam.
639 3436 725 3515 Quin
740 3436 890 3502 iuuenum
906 3457 1052 3522 quoque,
1076 3459 1188 3503 eorum
1202 3439 1369 3522 inprimis,

174 3551 177 3556 Δ
276 3520 333 3604 qui
353 3520 417 3583 iam
433 3518 621 3601 aliquantum
636 3520 669 3582 in
686 3519 785 3586 literis
800 3521 975 3604 profecere,
999 3525 1084 3587 etad
1098 3527 1234 3588 animum
1249 3525 1370 3607 potins

276 3604 480 3687 poliendum,
512 3623 605 3687 quam
626 3606 665 3668 ad
684 3604 802 3672 viltam
821 3608 1056 3689 quaerendum,
1089 3608 1187 3673 studia
1205 3609 1369 3684 referunt,

190 3699 194 3712 ¹
276 3689 412 3753 omniuo
427 3688 561 3765 interest,
585 3689 719 3774 aliquam
734 3690 774 3754 de
787 3692 940 3756 variarum
959 3690 1131 3759 lettionum
1147 3695 1281 3768 ratione,
1295 3695 1370 3757 ori·

248 3801 251 3806 ·
278 3773 373 3855 gine,
395 3773 448 3838 vlu
462 3784 496 3838 et
509 3774 679 3856 dignitate,
701 3774 858 3839 iudicandi
874 3777 1052 3842 facultatem
1065 3778 1224 3863 consequi,
1244 3793 1277 3844 et
1291 3799 1369 3842 me·

278 3856 403 3920 dicinae
423 3860 579 3943 corruptis
606 3858 686 3924 locis
715 3861 907 3925 adhibendae
930 3860 1144 3945 sagacitatem,
1177 3864 1372 3946 criseosque

140 3961 146 3968 ‘
276 3941 438 4008 faciendae
453 3943 576 4023 guttum
595 3942 650 4008 sabi
667 3964 785 4028 parare.
827 3946 898 4012 Huc
919 3948 1057 4022 adcedit,
1091 3950 1177 4033 quod
1197 3947 1371 4014 manifesta

156 4059 160 4070 v
278 4045 446 4110 operarum
462 4028 535 4089 vitia
555 4030 683 4094 enotaui
695 4047 788 4112 quam
805 4030 978 4095 breuiffime
994 4033 1094 4115 potui.
1117 4054 1177 4097 nec
1193 4032 1248 4098 nili
1263 4054 1371 4097 vnam

217 4169 219 4174 .
279 4123 332 4184 aut
352 4112 429 4176 duas
446 4110 487 4173 ad
500 4109 651 4179 summum
665 4113 807 4198 plagulas
826 4117 866 4178 iis
885 4118 1039 4199 compleri
1059 4120 1259 4202 crediderim:
1301 4117 1372 4183 nisa

278 4198 436 4282 vulgatam
454 4193 641 4282 lectionem,
663 4200 735 4287 qula
750 4199 840 4287 saepe
853 4201 926 4267 inde
948 4215 1018 4270 orta
1033 4202 1224 4282 est„eodem
1242 4203 1371 4303 retule-

342 4335 345 4344 ,
523 4307 526 4320 ·
1116 4317 1120 4325 ·
1301 4309 1370 4369 trs,
