2867 5059
327 733 888 866 conrnruurnrro

579 973 644 1037 DE

78 1115 244 1230 surr
315 1119 520 1288 turn
584 1120 692 1228 uc
759 1117 1146 1228 canuntur.

438 1345 786 1370 ...ι-*πο-

380 1601 838 1688 PROOE‘MIVM.

71 1780 308 2012 Tandem
339 1831 501 1911 dilloluo
524 1848 663 1933 partem
686 1834 871 1924 nominis,
916 1835 1019 1936 quod
1047 1857 1146 1913 noua

200 1971 332 2047 Siliani
366 1971 538 2045 carminis
570 1967 736 2045 editione
766 1969 917 2069 publice
948 1970 1146 2070 aliquoties

69 2103 234 2199 promissa
265 2105 462 2191 contraxi,
508 2123 628 2201 quum
661 2101 807 2202 aliquot
837 2105 915 2179 eius
949 2102 1148 2203 specimina

71 2236 258 2317 detiorum
294 2241 463 2315 virorum
500 2234 642 2316 iudicio
674 2235 937 2318 submitterem.
1012 2235 1148 2314 Iustam
1257 2239 1267 2258 “

73 2351 173 2449 huius
192 2396 322 2456 morae
340 2366 614 2450 excusationem
632 2369 775 2450 dabunt
799 2372 918 2474 uariae
942 2394 1017 2458 res,
1051 2394 1147 2470 quae

57 2506 327 2607 ,persequendo
352 2500 660 2608 absoluendoque
687 2508 793 2605 operi
818 2504 1074 2605 inpedimento
1109 2519 1147 2581 et

74 2637 167 2716 suere
185 2654 223 2715 et
237 2642 443 2719 etiamnum
462 2637 553 2715 sunt
613 2636 777 2718 Primum
797 2641 895 2714 enim
912 2637 1035 2736 grauis
1056 2636 1147 2714 haec
1233 2693 1237 2702 ,

78 2769 157 2847 lolet
180 2769 251 2847 esse
276 2773 442 2850 muneris
465 2772 664 2850 scholastici
686 2775 873 2866 conditio,
911 2786 968 2861 vt,
1006 2773 1072 2870 qui
1099 2793 1147 2847 eo
1261 2833 1265 2842 ,

82 2904 136 2978 tite
157 2904 354 3004 perfungi,
384 2921 421 2982 et
444 2904 547 2984 simul
566 2931 691 3012 parare
716 2908 823 2999 velit,
856 2929 951 3009 quae
970 2905 1020 3014 ad
1040 2905 1145 2982 suum

86 3033 175 3134 ipsnu
190 3037 431 3150 familiaeque
448 3041 582 3117 vidum
599 3042 846 3143 suppeditent,
874 3041 1001 3122 multis
1022 3043 1147 3117 variis·

82 3191 143 3270 que
155 3173 472 3278 occupationibus
491 3174 722 3263 distineatur,
754 3195 961 3274 omnesque
978 3172 1055 3254 sere
1071 3171 1146 3249 diei

82 3305 171 3384 bons
195 3309 409 3394 iuuentuti,
439 3309 589 3408 publice
606 3309 855 3409 priuatimque
876 3308 920 3389 ad
941 3307 1148 3402 humanita·
1228 3363 1231 3372 .

86 3452 141 3518 teu
154 3458 351 3541 artesque,
382 3459 477 3538 quae
498 3442 585 3522 inde
607 3441 747 3517 nomen
769 3441 917 3529 habent,
944 3440 1147 3515 informan-

89 3573 151 3666 dae,
187 3573 404 3676 inpendere
433 3574 506 3674 ipsa
539 3573 745 3656 necesitate
778 3589 942 3674 cogatur.
1015 3572 1147 3672 ltaque

84 3735 143 3789 uon
157 3712 221 3790 uisi
239 3707 388 3806 aliquid
407 3707 583 3790 subseciui
604 3713 802 3810 temporis,
820 3707 1064 3809 ¹grauioribus
1083 3732 1147 3784 ne·

61 3852 168 3947 ‚gotiis
202 3846 422 3942 studiisque
452 3843 699 3938 subtraslum,
742 3844 833 3921 Silio
862 3867 948 3920 meo
977 3843 1146 3925 addicere

77 3990 179 4084 potui:
210 3979 327 4084 quod
347 3975 466 4078 ipsum
492 4001 647 4084 quoque
671 3977 812 4078 saepius
831 3979 1147 4088 interpellabatur,

75 4126 139 4224 quia
163 4125 352 4207 animus,
391 4113 451 4190 vel
469 4114 573 4194 variis
598 4114 694 4190 curis
717 4112 924 4212 confusius,
964 4114 1023 4196 vel
1053 4137 1148 4213 quo·

579 4270 651 4345 a3
787 4282 793 4288 ·
999 4248 1148 4330 tidianic
