2867 5059
249 371 316 427 nt
345 367 471 426 srnrr
499 336 613 462 ntra
642 371 701 426 nr
729 370 960 433 ceantur.
1072 371 1150 437 uti

57 519 223 607 'conen
242 540 348 614 enim,
378 505 475 624 quein
492 507 673 614 tetimonio
693 540 805 606 onan
829 541 861 604 in
879 519 1084 624 bariemone
1100 541 1148 606 ni-

70 625 245 688 bliothecae
260 625 397 689 Senatus
419 622 580 707 Liplienfia
597 625 634 689 Li
657 623 716 688 fiae
732 626 848 690 exstare
863 627 1043 703 credebam,
1076 628 1149 690 dum
1263 583 1290 690 ,l

71 711 102 773 in
117 731 190 771 eum
212 713 441 792 perquirerem,
463 710 580 774 nullum
598 731 616 773 e
640 730 674 782 e,
692 709 743 776 sed
757 711 863 774 calami
880 713 957 776 vitiu
970 731 1030 794 pro
1047 709 1149 777 Statio

73 793 176 860 Silium
199 793 340 876 politum
362 796 476 860 audiui.
560 793 696 862 Auxiliis
717 798 813 877 igitur
837 807 927 878 atque
951 796 1082 879 opibus,
1117 808 1149 860 et

75 897 144 962 quae
158 878 226 962 ipse
240 879 407 952 habebam,
430 891 463 944 et
475 898 553 960 quae
570 880 742 946 amicorum
758 880 948 963 benignitate
964 880 1147 944 consecutur
1297 897 1306 908 ⁸

70 964 148 1039 tum,
169 963 344 1033 instruitur
359 964 427 1031 Silii
442 962 654 1028 recenlionem
669 964 796 1030 adoriua
813 963 895 1040 sum,
914 965 989 1029 illud
1007 966 1148 1047 inprimia
1207 1027 1211 1040 ι

70 1050 255 1122 adtendens,
280 1048 469 1113 atrocioris
490 1061 668 1120 contextus,
689 1064 836 1133 quantum
853 1049 923 1114 freti
938 1051 1058 1132 potuit,
1083 1049 1147 1128 (re-

70 1136 143 1200 stant
164 1135 258 1204 enim
274 1135 444 1200 etiamnum
467 1134 591 1220 plurimi
608 1135 684 1196 nodi
710 1133 897 1207 difficillimi,
918 1137 971 1218 qui
993 1133 1057 1198 stne
1072 1135 1147 1214 ali07

69 1239 132 1283 rum
154 1219 319 1285 Codicum
338 1219 456 1284 auxilio
475 1219 527 1282 vix
548 1216 625 1282 solui
641 1213 727 1301 polle
747 1220 906 1303 videntur)
927 1240 967 1282 ea
987 1217 1148 1282 manuscri-

68 1317 195 1388 ptorum
219 1324 257 1368 ac
284 1303 471 1370 vetustarum
489 1304 664 1368 editionum
681 1285 980 1386 praescriptoquam
1005 1304 1146 1366 emenda·
1221 1311 1223 1316 ’

68 1388 199 1453 tiffimus
218 1389 387 1456 ederetur:
409 1389 518 1470 inquo
536 1385 642 1471 palium
661 1387 783 1452 secutus
799 1388 874 1464 sum,
897 1386 952 1452 nili
969 1389 1017 1452 vbi
1033 1389 1161 1470 genius·

67 1474 193 1557 liuguae
206 1475 341 1539 Latinae
356 1473 407 1536 vel
421 1487 534 1554 poetae
546 1472 627 1536 aliud
642 1474 717 1538 mihi
730 1472 871 1556 flagitare
886 1473 1055 1545 videbatur,
1062 1472 1147 1554 quod

68 1559 169 1625 lamen
200 1556 391 1640 pauciffimis
412 1559 445 1622 iu
465 1557 546 1622 locis
566 1558 697 1632 accidit,
727 1556 957 1624 Illustrisstmum
975 1555 1147 1632 lleinlium,

68 1647 121 1727 qui
134 1663 211 1707 orae
225 1643 379 1706 editionis
396 1642 644 1725 Dausqueianae,
651 1659 711 1724 qua
729 1644 772 1704 vti
788 1642 978 1715 solitarium,
1001 1663 1066 1704 non
1079 1660 1146 1704 mo·

69 1730 112 1792 do
130 1740 222 1793 notas
243 1723 316 1790 suaa
331 1727 492 1796 alleuerat‚
516 1726 568 1790 sed
581 1719 674 1789 etiam
687 1724 785 1808 ipsum
802 1746 926 1807 poema,
947 1727 1147 1808 quemadmo-

72 1814 143 1876 dum
154 1835 173 1874 a
183 1831 281 1875 manu
298 1811 368 1877 Silii
381 1809 557 1894 profeclnm
572 1809 769 1884 coniiciebat,
784 1812 983 1893 antiquorum
996 1809 1148 1873 librorum

65 1897 128 1963 fide
149 1898 325 1978 diiigenter
343 1906 441 1976 etque
458 1905 599 1964 accurate
625 1896 771 1960 correxit
827 1896 966 1970 Deinde,
999 1895 1150 1977 quoniam

66 1983 228 2065 codicibus
244 2000 343 2044 manu
359 1981 491 2046 exaratis
507 1979 669 2046 destitutus
683 1979 797 2052 forem,
814 1977 877 2044 stne
890 1978 1002 2062 quibus
1017 1975 1148 2061 parciffi·

66 2090 114 2133 me
128 2065 329 2132 coniecturis
346 2064 572 2146 indulgendum
588 2061 718 2137 censen,
740 2064 814 2127 illud
832 2066 996 2148 praecipue
1014 2065 1045 2127 in
1062 2061 1148 2127 notia

67 2155 127 2234 egi,
150 2165 224 2216 trun
241 2161 308 2214 vta
324 2151 400 2218 vitia
413 2149 543 2212 eruditis
558 2169 597 2210 ex
612 2148 801 2214 membranis
815 2148 1149 2214 reuocataalediionea
1234 2182 1237 2188 ,

69 2250 116 2304 aut
135 2237 175 2300 ab
202 2235 341 2317 ingenio
364 2232 521 2321 profetica
543 2232 740 2298 conicituraa
761 2234 810 2298 vel
829 2236 1021 2315 optimorum
1043 2227 1149 2298 auito·

67 2342 130 2385 rum
148 2320 341 2385 testimonio
356 2318 522 2400 probarem
536 2338 572 2380 ac
589 2316 773 2391 stabilirem,
798 2320 846 2381 vel
862 2339 933 2382 rece
957 2332 1018 2382 tam
1040 2316 1148 2381 lestin-

66 2411 145 2475 nem,
165 2403 247 2468 stea
262 2401 416 2485 praestare
433 2404 598 2475 rideretur,
619 2400 683 2465 fine
698 2404 880 2484 cuiusquam
896 2423 917 2466 o
943 2401 1068 2470 enlione
1085 2403 1164 2488 nin·¹

65 2494 221 2565 dicarem:
249 2501 320 2553 tum
339 2498 372 2553 vt
389 2509 427 2550 ex
449 2487 557 2570 priscis
574 2486 775 2556 editionibus,
797 2485 901 2551 lifreri
918 2486 1026 2569 puss'et,
1047 2486 1148 2552 utten-

21 2619 24 2626 »
66 2578 170 2640 decem
190 2595 230 2643 ac
245 2573 350 2656 palam
368 2572 514 2638 omnibus
535 2571 686 2644 lacerem,
708 2572 821 2652 quibus
844 2572 991 2656 gradibus
1010 2565 1177 2636 veterum‘

66 2661 285 2731 librariorum,
307 2658 581 2740 typographorum
594 2667 646 2724 aut
662 2657 843 2737 criticorum
861 2658 1038 2740 ignorantia
1057 2670 1150 2737 atque

66 2747 191 2810 audacia
209 2743 283 2811 Silii
297 2761 408 2806 manus
424 2744 606 2824 deprauata,
629 2753 662 2806 et
678 2763 726 2812 ea,
746 2762 823 2824 qnae
841 2743 939 2823 vulgo
957 2740 1150 2816 obtinebant,

3 2851 7 2862 ·
69 2832 153 2895 rerba
171 2829 337 2893 substituta
358 2826 490 2894 fuerint:
516 2838 590 2890 „tum
611 2839 643 2890 rt
662 2826 852 2894 decantatam
877 2840 909 2890 et
926 2827 1073 2906 omnibus
1093 2843 1150 2886 no·

75 2915 209 2980 numam
227 2913 299 2979 sitii
319 2912 527 2980 imitationem
541 2913 755 2976 Maronianam
775 2915 947 2978 accuratius
964 2908 1150 2978 demonstra·

71 3021 144 3064 rem:
187 3013 262 3064 tum
284 2997 436 3088 denique,
457 3008 489 3064 vt
508 2996 579 3064 loca
597 2995 794 3068 obscuriora,
816 3015 894 3078 quae
917 2997 1037 3060 tirones
1060 2993 1150 3058 facile

71 3086 179 3149 murari
201 3079 347 3164 pulsent,
370 3079 486 3163 (aeque
504 3082 728 3154 enimeorum,
750 3100 842 3162 quam
859 3081 1032 3163 principum
1052 3081 1084 3142 in
1101 3077 1162 3140 liic·
1256 3107 1263 3132 i
1306 3077 1310 3098 '

68 3170 157 3234 literis
170 3169 322 3237 virorum
338 3165 493 3253 rationem
503 3164 675 3240 habendam
689 3162 750 3232 effe
765 3163 928 3234 arbitratur
937 3165 1019 3250 sitm)
1026 3157 1150 3228 clariori
1172 3211 1175 3220 ,
1193 3166 1196 3174 “

68 3255 129 3318 bace
148 3252 394 3342 perfunderem,
490 3295 494 3300 -
647 3247 659 3264 '

175 3371 309 3441 Pofftm
322 3390 416 3444 nunc,
432 3373 476 3441 mi
488 3369 622 3446 Leston·
637 3372 675 3433 ad
689 3363 787 3455 lpsum
801 3380 929 3453 poetam
941 3366 1153 3438 euoluendum
1260 3413 1264 3420 r

71 3469 98 3523 te
113 3460 300 3532 dimittere,
321 3454 379 3522 nifi
393 3456 462 3520 data
483 3456 541 3519 hac
563 3454 745 3530 occasione,
778 3455 892 3539 publici
918 3457 993 3519 iuris
1013 3451 1154 3515 facienda

67 3543 245 3618 censerem,
272 3561 355 3624 quae
371 3559 473 3624 nuper
488 3543 525 3603 ad
540 3539 699 3606 difficilem
713 3541 778 3608 Silii
794 3537 899 3603 locum
917 3540 1027 3606 lib.lil.
1044 3556 1072 3600 v.
1083 3554 1153 3615 395.

68 3629 225 3711 praesente
249 3627 437 3699 Newtono,
460 3627 571 3692 Annae
587 3628 725 3706 Magnae
747 3627 922 3690 Britanniae
939 3623 1079 3700 Reginae
1096 3622 1153 3689 Le·

70 3729 150 3861 pato,
172 3704 308 3802 publice
324 3711 477 3796 praelegit
491 3711 653 3777 Antonius
666 3711 763 3778 Maria
779 3710 945 3781 Saluinius,
967 3709 1155 3770 Graecarum

83 3800 230 3862 'terarum
258 3794 439 3876 Florentiae
464 3793 638 3869 Prolellor,
674 3814 797 3857 mecum
819 3812 896 3857 vero
914 3791 1156 3856 communicauit
1206 3809 1211 3816 ·

70 3881 224 3949 llenricus
244 3878 508 3966 Eremmon,
528 3885 641 3946 er‘ore
657 3880 740 3946 illius
756 3891 901 3976 excepta,
924 3875 1059 3966 quibus,
1077 3894 1157 3958 quae

586 3964 672 4044 dt'
1014 3957 1186 4061 munau·
1262 3989 1266 3996 -

72 4129 419 4191 &bethehemitanum
435 4091 535 4202 agitor:
557 4133 592 4188 m
648 4133 716 4203 qnare
740 4131 809 4202 largi
821 4130 842 4198 fi
855 4133 950 4188 rlneva
969 4134 1030 4186 aeda
1048 4132 1158 4202 ‚nterea

64 4224 152 4277 ,artare
174 4213 203 4262 δι’
226 4209 330 4277 8μμω
364 4207 385 4258 tt
405 4207 463 4257 libro
488 4208 513 4255 di
533 4205 593 4257 Silla
648 4205 756 4260 arram

68 4282 148 4338 nata
161 4297 209 4338 m
224 4279 360 4348 limiae
379 4275 594 4358 umanum
625 4352 632 4366 ,
