2867 5059
12 335 15 406 ἓ
74 391 76 395 »
144 347 148 354 ’
215 355 916 471 nanturrvurnr'cuan'm.
1060 337 1105 444 ll

60 539 157 612 cellarii
171 540 340 606 editionem
353 541 519 608 institutam
535 543 654 626 adeepi.
696 543 819 620 Deinde
834 542 1010 611 franciscua
1021 542 1101 611 Hea-

13 647 15 658 ·
59 619 137 700 lelius,
158 626 229 689 olim
244 629 280 690 in
292 628 460 692 Athenaeo
474 627 742 693 Rotterodamenli
760 629 961 708 Historiarum
977 644 1010 694 et
1025 630 1101 696 Elo-

60 713 173 794 quentiae
193 707 366 787 Professor,
398 729 482 776 nunc
501 731 577 776 uero
603 713 685 794 apud
701 711 899 780 Tniettrnoa
919 715 1043 780 nostroe
1066 716 1101 777 in

59 793 205 878 Collegium
221 791 459 862 canonicorum
481 797 519 866 ad
539 797 579 864 D·
593 798 709 862 Marsae
727 798 911 882 adscriptus,
938 801 1044 863 medio
1063 817 1101 862 ac

60 882 151 962 panno
173 880 296 944 Dauide
318 879 573 964 Hoogllratauo,
605 881 681 944 ludo
701 877 839 948 literario
863 880 1100 970 Amsielaedarni

60 953 195 1047 praeletio,
218 963 362 1028 eiusdem
375 965 495 1028 codicia
513 962 703 1031 Oxonienfia
718 982 873 1052 excerpta.
895 969 1026 1033 editioni
1040 969 1099 1046 Rp·

59 1047 186 1130 pbelengii
204 1065 384 1113 crn1ocxn.
404 1069 498 1113 manu
515 1049 573 1113 viri
594 1047 680 1114 noeti
697 1052 817 1128 addita,
839 1052 876 1116 ab
897 1050 1100 1117 eruditislimo

59 1133 109 1195 rire
123 1133 205 1196 Petro
223 1131 373 1217 Vlaming
389 1131 583 1217 impetrauit:
622 1135 725 1219 quod,
752 1133 773 1199 fi
792 1133 981 1203 comesturis
1000 1136 1101 1200 indul·

60 1237 114 1298 gere
127 1215 237 1292 liberet,
260 1217 346 1281 idem
361 1218 520 1302 exemplar
536 1215 634 1292 fiuiffe,
656 1221 742 1303 quod
756 1223 832 1284 olim
846 1223 973 1288 Barthio
988 1219 1100 1286 Silium

60 1300 194 1367 recensenti
210 1301 249 1366 ad
272 1319 384 1366 manua
402 1301 481 1379 suit,
519 1301 710 1386 grauissimae
734 1303 777 1370 ob
796 1306 899 1370 causae
925 1303 1100 1388 suspicarer.

57 1388 195 1486 Cumuero
209 1386 396 1471 quibusdam
411 1389 445 1452 in
459 1382 540 1453 lotia
555 1389 620 1451 duo
639 1388 716 1452 haec
733 1390 938 1472 exemplaria,
961 1410 1039 1490 quae
1055 1401 1099 1454 ta·
1201 1417 1204 1432 =
1332 1377 1335 1388 ’

58 1489 111 1534 rnen
124 1492 157 1534 ex
170 1471 284 1554 irpdem
306 1471 493 1536 membranis
508 1489 678 1557 propagata
692 1471 779 1544 sunt,
801 1476 882 1540 inter
901 1471 1100 1540 sedissentne

58 1553 309 1638 deprehenderem,
332 1568 364 1621 et
377 1555 474 1639 ipsum
487 1558 631 1621 codicem
645 1557 824 1640 inspiciendi
843 1560 1018 1624 facultatem
1033 1576 1100 1621 non

56 1639 187 1714 baberem,
219 1653 275 1705 aut
293 1641 363 1724 quia
382 1640 504 1705 lideliua
526 1636 722 1725 manuscripti
742 1644 909 1726 Anglicani
930 1640 1102 1708 terrionem

58 1720 210 1807 euprefferir,
233 1724 311 1791 satis
323 1723 498 1809 prospicere
514 1723 686 1810 nequirem,
710 1724 870 1790 bonafide
886 1739 990 1792 tecum
1004 1746 1101 1809 agere

58 1807 140 1881 ΝΜ,
154 1807 279 1883 testor.
303 1812 406 1892 eoque
420 1810 453 1873 in
466 1809 535 1875 casu
551 1821 709 1893 utramque
724 1808 891 1877 restionem
907 1828 1101 1882 memoraret

59 1903 91 1965 rt,
106 1892 196 1975 qubus
217 1894 304 1977 ipsae
320 1894 514 1959 membranae
533 1893 693 1959 consulere
706 1896 813 1971 datur,
833 1895 911 1962 nihil
931 1916 991 1959 me>
1003 1893 1036 1958 ln
1049 1893 1101 1958 hia
1200 1891 1210 1914 ⁸

54 1975 152 2042 inentia
164 1978 357 2054 coniedluris
372 1975 484 2068 dedili‘e
498 1977 594 2044 intelli
619 1998 672 2043 ere
686 1993 810 2063 queant
871 1977 998 2063 Insuper
1010 1977 1100 2054 Jaco-

56 2059 284 2127 buaGrououiua
306 2063 477 2128 editionem
498 2063 606 2129 Medio
658 2061 780 2140 ensem;
807 2063 1102 2133 Germanorum.

55 2143 198 2210 ineetlefia
211 2141 384 2238 Walonica
403 2145 485 2232 apud
504 2147 817 2214 Amllelaedamensea
835 2149 1013 2213 diuinorum
1030 2165 1101 2210 ora·

56 2231 167 2294 morum
181 2232 352 2315 interpres,
374 2232 545 2297 editionem
559 2231 686 2298 Martini
700 2233 794 2299 Herbi
820 2232 942 2308 olenlia,
965 2247 998 2297 et
1010 2227 1103 2304 Marti

55 2309 206 2392 ruffinam
241 2318 395 2400 egregius
408 2315 564 2382 musarum
583 2331 733 2400 patronus
751 2255 823 2384 Cui

825 2318 923 2382 elmon
945 2316 1014 2382 uest
1037 2315 1102 2378 edi·
1170 2331 1176 2340 ’
1292 2343 1295 2352 ’

55 2396 419 2476 tionemJuntirram,cuins
433 2401 669 2551 marpinipaueu
682 2398 1103 2485 adsmipreratceru'effma,
1158 2431 1161 2436 ·
1270 2427 1279 2444 ·

54 2479 191 2550 liberaliter
207 2483 277 2550 usui
300 2501 375 2549 meo
399 2505 499 2550 conce
522 2497 646 2570 eruut¹
676 2485 798 2552 Deinde
816 2508 889 2551 cum
910 2486 1102 2570 procedente

54 2579 166 2652 tenpore
183 2566 285 2637 Silius
312 2569 498 2653 aliquamdiu
522 2572 742 2655 typographos
770 2589 917 2636 exercere
940 2567 1101 2652 coepisset.

56 2652 144 2718 mutii
156 2656 219 2718 mei
230 2652 353 2719 certior
363 2651 462 2720 ratim
473 2654 608 2730 Jacobus
614 2654 802 2720 Perizonius
819 2654 947 2739 primam
958 2654 1101 2717 omnium

57 2737 215 2815 eddonem,
246 2756 327 2823 qnae
346 2740 466 2805 Romae
485 2758 569 2802 anno
586 2758 833 2805 croccccnxxr
856 2739 966 2803 excusa
979 2736 1040 2808 est.
1069 2751 1103 2800 et

59 2840 112 2886 mut
125 2843 194 2887 enm
207 2823 280 2887 aliis
295 2823 453 2888 nonnullis
466 2822 552 2890 libris
567 2844 602 2887 ac
617 2822 736 2907 scriptia
747 2821 855 2908 legato
868 2825 936 2888 eiua
950 2823 982 2886 in
992 2817 1102 2886 biblio·

60 2905 144 2982 ἴω
159 2909 498 2990 Lugduno-Batauam
518 2907 757 2991 commigrauit,
786 2911 826 2974 ad
846 2929 897 2972 me
918 2903 1103 2980 transmititr
1124 2963 1128 2972 .
1185 2915 1188 2921 ’

62 2994 292 3071 panatmodnm
311 2993 405 3070 eriam
423 3011 481 3058 van
497 2991 553 3056 der
566 2989 666 3059 lsloot
677 2992 769 3060 Marii
784 2989 936 3059 Venetam
952 2992 1103 3076 primam:
1125 3017 1128 3022 ·
1211 3041 1215 3048 .
1240 2985 1250 2998 ”

58 3074 213 3156 paenosa
233 3077 296 3151 eli,
316 3083 351 3141 ul
370 3095 475 3141 earum
501 3090 572 3143 ante
589 3073 752 3161 septimum
773 3074 989 3145 autodtauum
1010 3072 1102 3146 Puni·
1201 3089 1203 3100 ⁴
1243 3087 1249 3118 ⁸

56 3159 267 3226 rummlibrum
281 3160 314 3225 ln
330 3164 416 3225 notis
433 3160 601 3227 meminisse
615 3182 681 3226 uon
695 3165 862 3246 potuerim.
929 3157 977 3236 Jo.
996 3155 1103 3224 Herm.
1137 3197 1139 3200 .
1192 3189 1196 3198 »
1230 3233 1234 3242 ,

13 3319 14 3334 ¹
54 3239 267 3318 monellus,
291 3244 495 3312 Historiarum
512 3261 604 3330 atque
619 3247 827 3332 Eloquentiae
847 3242 1007 3329 Marpurgi
1025 3242 1104 3308 Hae·

55 3321 130 3393 bum
144 3327 310 3397 Proseli'or
327 3332 520 3407 ordinarius,
545 3351 624 3418 xcum
643 3354 682 3396 ex
704 3330 810 3407 lselio,
836 3331 890 3399 SS.
903 3327 1104 3409 Tlreologiae
1195 3335 1201 3350 ⁸

56 3414 306 3498 wlbafileensea
317 3412 506 3492 Proieffore,
530 3413 676 3481 audiuilie
690 3414 723 3480 se
736 3411 928 3492 meminisset,
950 3433 1022 3478 eum
1032 3422 1105 3474 ante

13 3637 14 3642 ,
74 3585 140 3682 geri
153 3587 188 3649 in
200 3581 444 3731 manuscriptum
451 3583 518 3652 Silii
532 3586 615 3651 sorte
626 3586 754 3651 fortuna
766 3583 912 3660 incidisse,
926 3581 1011 3649 'nihil
1023 3574 1106 3662 apud

13 3691 14 3702 ¹
52 3685 160 3736 nuum
181 3665 461 3752 praeteritumve
484 3669 552 3734 eius
579 3689 674 3752 opera
701 3669 821 3735 codicis
847 3670 928 3734 illius
961 3674 1106 3747 excerpta

53 3741 290 3840 allhpetrare
310 3751 418 3836 poliel.
461 3756 542 3822 Cum
559 3751 757 3821 verolselius
775 3776 811 3820 ea
827 3756 865 3818 de
883 3765 1002 3816 recum
1026 3748 1105 3813 Hot·
1165 3803 1169 3818 ,

51 3829 173 3920 liburie,
204 3835 389 3921 Theologo'
403 3839 580 3921 ligurine,
604 3839 730 3924 egiliet,
758 3842 848 3924 isque
870 3849 939 3900 notu·
953 3836 1051 3900 modo
1071 3833 1106 3897 li·

52 3917 342 4002 brumoonserendi,
374 3939 480 3990 rerum
503 3921 641 4007 insuper,
691 3927 756 3990 uod
777 3942 848 3988 raro
866 3922 997 3986 concedi
1018 3918 1108 3990 soler,
1203 3959 1206 3968 s

51 4002 206 4074 adlselluro
223 3999 366 4071 mittendi
390 4009 574 4090 potestatem
595 3947 833 4076 abibliothecae
853 4006 1049 4074 curatoribus
1073 4021 1109 4064 ao
1189 4047 1193 4066 r

53 3499 265 3648 ptmordeclm
279 3501 449 3564 admodum
463 3520 564 3566 annor
579 3521 636 3582 per
657 3498 833 3568 Heluetiam
853 3501 1104 3584 peregrinantem
1221 3519 1228 3548 r
1331 3499 1340 3514 ·

51 4087 197 4168 unieffia
214 4090 409 4173 inpetrassetr
430 4093 560 4158 cucullis
581 4096 727 4160 omnibus
740 4093 864 4177 angulis
880 4096 1006 4157 tandem
1022 4108 1109 4169 prae·
1233 4142 1238 4150 ,

50 4174 180 4262 teripm
194 4175 302 4241 codex
323 4174 409 4258 suu,
432 4197 524 4266 quam
541 4174 777 4332 piligentillime
792 4175 966 4269 quaelibet,
996 4169 1111 4255 Tigurl

13 4313 15 4328 .
329 4303 332 4309 ·
588 4286 601 4332 a

1042 4271 1111 4324 noa
1164 4289 1176 4324 r
