2867 5059
272 467 277 476 -
305 424 453 490 xxxiv,
670 416 1032 516 nonnosum
1081 461 1086 470 .
1145 441 1147 450 ›

117 591 128 609 ¹
197 647 202 660 ‚
310 598 397 676 Quin
425 604 458 661 et
476 590 615 658 inmiscet
632 581 868 677 nonnumquam
891 600 924 657 et
942 592 975 655 in
997 563 1083 656 esum
1104 588 1199 655 suurn·
1215 591 1378 668 conuertit,

265 738 270 754 ,
310 681 442 765 quaein
462 675 553 763 prosa
569 677 771 759 scriptorum,
809 678 858 741 vel
874 678 1068 744 Graecorum
1088 675 1138 741 vel
1159 678 1379 764 Romanorum,

311 766 456 840 oratione
470 762 550 828 lesia
567 777 600 827 et
612 763 741 844 cognita
754 764 787 824 in
801 759 890 827 simili
904 776 1091 844 argumento
1104 763 1256 825 memoria
1271 765 1378 827 retine-

310 852 381 926 bat,
402 850 545 933 inprimis
567 868 622 919 ea,
652 866 731 928 quae
747 845 1113 916 animoobuersabantur
1132 868 1171 908 ex
1197 844 1318 910 adsidua
1339 845 1379 910 le·

311 931 419 1001 illone
434 934 615 1008 Ciceronis,
650 950 744 1013 quem
765 949 833 1000 nun
851 932 1000 1006 minoris,
1020 951 1112 1014 quam
1128 933 1313 1005 Maronem,
1340 928 1381 992 sa·

312 1021 430 1095 ciebat,
453 1033 485 1082 et
497 1007 558 1082 lsabi
579 1016 738 1096 exemplar
756 1015 977 1099 proposuerat,
998 1017 1036 1079 ad
1056 1017 1141 1098 quod
1159 1014 1190 1079 se
1208 1016 1381 1080 consumua-

279 1109 283 1116 “
310 1117 368 1169 ret
381 1105 436 1185 ⁶⁶)
477 1104 568 1192 Quae
582 1101 689 1166 omnia
704 1100 910 1166 dostissrmum
921 1111 1052 1184 poetam
1066 1101 1204 1183 produnt
1219 1111 1252 1166 et
1265 1102 1382 1165 decenn

322 1289 328 1296 ·
425 1257 490 1324 lam
510 1253 532 1319 fi
555 1273 702 1340 quaeras,
737 1273 798 1338 qua
817 1255 995 1342 rationein
1025 1259 1212 1338 argumento
1242 1255 1385 1318 ca‘rrninia

312 1337 475 1408 t'rastandn
495 1340 628 1405 versatus
643 1338 680 1402 srt
697 1353 813 1423 poeta3
835 1340 924 1404 facile
938 1339 1130 1423 intelligitur,
1150 1359 1225 1404 eum
1241 1360 1292 1403 res
1310 1339 1384 1421 ipsas

313 1450 354 1492 ex
376 1427 503 1491 historia
525 1421 709 1499 desumsrsse,
748 1424 798 1487 sed
815 1425 1024 1488 narrationem
1045 1426 1082 1488 ad
1100 1426 1222 1489 heroici
1243 1424 1386 1490 carmlnia

312 1512 453 1578 indolem
465 1511 660 1592 formamque
672 1507 930 1575 adcommodasse.
972 1511 1078 1587 Quum
1095 1530 1172 1575 vero
1189 1512 1279 1592 epica
1295 1509 1341 1572 vis
1356 1517 1386 1571 at

312 1599 450 1679 dignitas
467 1594 681 1678 magnitudine
705 1614 827 1670 rerum,
859 1614 940 1684 quae
958 1597 1096 1660 animum
1115 1594 1386 1666 vel'adruiratione

260 1695 268 1704 ·
313 1683 469 1755 detineat,
504 1678 553 1745 vel
573 1680 712 1754 virtutis,
744 1678 967 1755 miserationis,
1004 1679 1125 1763 gaudii,
1161 1676 1386 1762 indignationis

315 1765 509 1848 aliorumque
522 1762 699 1840 adsestuum
720 1763 806 1828 sensu
826 1762 965 1841 adficiat,
989 1766 1131 1846 adeoque
1153 1766 1280 1847 magnis
1295 1762 1386 1845 phan-

313 1850 513 1923 tasmatibus,
539 1847 629 1912 settis
647 1847 781 1934 satisque
805 1849 959 1923 virorum,
989 1850 1038 1914 vel
1057 1849 1183 1913 audacia
1206 1869 1243 1913 ac
1266 1849 1390 1913 sortitu·

314 1938 400 2012 dine,
420 1934 471 2000 vel
484 1932 646 1997 virtutibus
660 1933 804 2015 vitiisque
818 1931 1074 2015 conspicuomm,
1094 1945 1128 1998 et
1142 1939 1259 1998 ornato
1274 1931 1387 1997 oratio·

125 2097 129 2112 ι
194 2021 197 2028 “
315 2021 364 2086 nis
383 2037 501 2102 genere
516 2017 730 2091 continentum
740 2066 742 2068 .
751 2035 907 2100 quumque
920 2030 1079 2100 praeterea
1091 2016 1210 2084 infinita
1225 2017 1302 2085 esset
1315 2015 1389 2084 mul·

313 2104 417 2171 titudo
434 2120 549 2176 rerum,
571 2117 663 2185 quam
678 2099 755 2184 belli
766 2101 874 2165 Punici
888 2101 1012 2167 secundi
1025 2103 1151 2167 historia
1164 2103 1389 2186 suppeditaret:

314 2187 467 2273 sapienter
477 2207 550 2249 eam
571 2185 697 2249 instituit
709 2188 809 2258 viam,
832 2199 881 2262 vt,
902 2207 1114 2271 quaecumque
1132 2187 1292 2254 latiorum
1311 2186 1389 2272 peri·

203 2275 209 2282 ’
315 2274 519 2355 colorumque
538 2271 752 2354 magnitudine
772 2272 963 2349 eminerent,
983 2285 1124 2340 accurato
1142 2286 1318 2356 ornateque
1338 2291 1389 2334 ea·

314 2366 466 2444 poneret,
499 2356 583 2419 lenia
609 2367 713 2432 autern
735 2352 798 2419 fine
819 2355 932 2424 erfeuu
957 2360 1124 2424 certamina
1152 2380 1188 2422 ac
1216 2353 1390 2429 molimina,

315 2459 396 2528 quae
417 2458 520 2523 neque
542 2453 686 2505 ornatum
709 2442 869 2523 poeticum
894 2439 1112 2521 admitterent,
1147 2462 1252 2528 neque
1279 2442 1331 2506 vel
1352 2439 1389 2503 ad

316 2529 441 2592 animoa
459 2524 613 2591 latiorum
633 2527 812 2589 mouendus
827 2538 859 2604 et
874 2527 1091 2600 dormandus,
1113 2529 1162 2593 vel
1173 2531 1212 2592 ad
1231 2530 1392 2611 utriusque

363 2611 428 2696 puli
451 2622 543 2695 atque
567 2609 642 2695 belli
664 2610 823 2674 fortunam
844 2614 1021 2677 mutandam
1041 2601 1207 2698 quidtiuam
1236 2610 1392 2677 momenti

315 2632 483 2771 liberent,
514 2691 583 2759 siue
603 2714 751 2779 perquam
773 2697 885 2761 leuiter
906 2699 1140 2782 perstringeret,
1174 2698 1241 2768 srue
1263 2696 1391 2783 prorsus

314 2780 438 2848 silentio
455 2781 645 2864 praeteriret
697 2780 793 2858 Quod
814 2783 938 2864 quidem
958 2785 1097 2867 pluribus
1117 2793 1169 2847 aut
1185 2784 1317 2861 uerbis,
1339 2792 1393 2846 ant

316 2865 469 3012 exemplis
490 2864 636 2929 illustrare
656 2863 777 2929 necesse
802 2866 946 2943 nonest,
983 2889 1078 2953 quum
1100 2868 1200 2932 cuiuis
1220 2869 1306 2933 libro
1328 2883 1393 2950 tana

315 2952 412 3035 cupio
428 2967 479 3012 um
492 2949 689 3036 praefixerint
705 2963 941 3032 argumentum,
960 2967 992 3018 vt
1005 2955 1055 3030 vel
1071 2953 1247 3028 tironibus,
1265 2949 1394 3020 Liuium

315 3034 588 3118 comparantibus,
600 3034 631 3097 id
650 3033 812 3098 confestim
825 3037 857 3100 in
873 3039 987 3101 oculos
1001 3040 1157 3102 incurrere
1171 3037 1278 3121 possit.
1329 3031 1390 3103 Le·

314 3117 455 3188 stortura
472 3120 575 3202 itaque
589 3121 734 3204 carminis
749 3122 843 3184 nostri
860 3123 965 3188 animo
985 3139 1153 3206 numquam
1168 3122 1392 3188 dimittendum

264 3233 268 3244 ¹
314 3205 377 3279 eii,
399 3204 430 3267 se
445 3204 478 3267 in
498 3214 594 3286 poeta
617 3203 754 3286 legendo
775 3205 900 3283 versari,
921 3208 976 3291 qui
999 3228 1066 3272 non
1087 3218 1149 3273 tarn
1168 3206 1394 3292 rerumgesta·

314 3310 386 3356 rum
402 3286 522 3362 causas,
543 3288 687 3376 ordinem
703 3299 736 3353 et
751 3307 865 3353 nexum
881 3306 984 3364 curat,
1006 3293 1056 3357 vel
1074 3293 1128 3355 reli
1155 3291 1284 3369 ionem,
1308 3289 1395 3375 daps·

314 3376 419 3455 βειαν,
438 3371 701 3456 perspicuitatem,
723 3376 917 3460 reliquasque
930 3376 1086 3459 scriptoris
1102 3313 1259 3454 hisiorici',
1296 3377 1393 3461 inpri-

314 3459 374 3523 mis
387 3458 599 3540 pragmatici,
627 3460 756 3523 virtutes
770 3459 915 3536 setianur,
946 3482 1038 3546 quam
1057 3463 1088 3525 id
1109 3464 1218 3546 potius
1240 3459 1330 3545 agit,
1363 3469 1397 3524 vt

313 3561 419 3608 ueram
433 3553 567 3605 exornet
582 3540 755 3618 historiam,
777 3557 810 3609 et
828 3545 974 3611 omnibns
990 3548 1141 3611 sermonis
1158 3549 1282 3640 ppetici
1299 3544 1395 3625 artifi·

218 3647 223 3656 ’
313 3627 372 3690 ciis
401 3649 437 3691 ac
464 3623 631 3702 luminibus
660 3647 775 3704 nouam
804 3634 972 3696 narrationi
1006 3627 1184 3697 suauitatem
1213 3633 1393 3716 adspergat

313 3710 410 3789 Quod
427 3711 494 3779 Silii
515 3707 677 3775 confilium
694 3709 750 3796 qui
764 3715 954 3799 vituperant,
974 3736 1040 3780 non
1054 3715 1207 3800 reputasse
1232 3720 1394 3790 videntur,

313 3814 414 3878 quam.
428 3796 575 3861 absonum
593 3794 630 3859 sn
648 3809 681 3861 at
694 3799 834 3863 ieiunum
849 3802 1004 3865 eiusmodi
1018 3821 1152 3876 carmen,
1175 3805 1265 3884 quod
1281 3815 1395 3866 notam

111 3913 120 3920 ·
222 3939 227 3944 .
263 3945 265 3952 ,
312 3878 583 3976 recentioremque
595 3877 752 3946 historiam
768 3885 893 3948 incultis
914 3905 975 3949 nee
991 3886 1048 3951 vlla
1065 3900 1130 3951 arte
1150 3883 1305 3954 distinttis
1326 3906 1396 3951 ver·

310 3963 394 4030 sibus
409 3981 563 4047 exponat,
583 3977 793 4050 quantumque
807 3972 901 4033 taedii
921 3974 1019 4054 pariat
1032 3974 1179 4036 contiuua
1195 3975 1396 4053 praeliorum

312 4047 459 4114 nonno.
500 4050 610 4133 Neque
626 4051 696 4116 satis
713 4052 878 4135 respiciunt
896 4059 1074 4130 materiam,
1105 4075 1196 4138 quam
1213 4068 1317 4136 poeta
1337 4053 1396 4120 libi

311 4133 448 4218 delegit,
482 4136 596 4218 quippe
615 4156 694 4217 quae
715 4138 843 4264 copiosa
856 4138 919 4272 est,
945 4161 1004 4206 nec
1014 4142 1127 4274 ignota
1144 4161 1178 4204 ne
1198 4143 1310 4220 rudis,
1342 4142 1395 4289 sal

52 4373 56 4384 .
200 4381 206 4396 ,
257 4335 262 4346 “
348 4285 397 4400 3⁶)
414 4328 584 4403 lib.Vll,al9
598 4328 633 4402 sq,
647 4347 673 4386 et
685 4333 717 4387 al.
