2867 5059
200 463 206 472 x
292 381 430 466 ΠΜ
553 427 558 434 -
652 325 1011 462 'euenturum
1145 388 1152 396 '
1254 383 1258 391 ’

114 646 119 656 Ι
286 577 290 591 ’
405 570 513 650 Quum
527 567 701 635 tineosum
714 569 932 655 cdquimerint
945 569 1083 635 editores
1103 568 1189 648 Silis,
1209 569 1373 639 fiEme'sci

248 669 251 678 “
289 650 331 723 V.
344 655 382 724 C.
400 656 589 738 excipiatur,
610 652 798 740 (quitamea
813 665 847 720 et
858 655 922 737 ipse
936 654 1088 738 permulta
1100 655 1181 731 loca,
1203 656 1372 722 sonnatius

288 751 325 806 et
338 741 444 822 verba,
468 741 519 815 iic,
540 758 621 822 quae
635 740 794 822 explicuit,
816 739 1119 816 muttoobscuriera,
1140 740 1263 807 silentio
1280 763 1373 825 prae-

288 823 435 901 termifit,
466 834 500 891 et
524 823 645 910 saepius
672 821 819 908 corrupta
845 836 1011 909 atcumque
1030 823 1243 910 interpretari,
1274 847 1370 911 quam

246 923 251 934 ’
287 912 450 993 corrigere
470 921 604 975 conatus
626 908 687 994 est)
712 910 815 974 vtvel
829 919 958 975 textum
983 910 1052 974 eiua
1075 913 1294 987 emendarent,
1317 910 1371 977 vel

266 1025 276 1074 ,κ
287 997 414 1063 notulae
436 993 545 1078 passim
563 992 798 1077 adspergerent,
821 1014 900 1077 quae
918 994 1151 1079 plerumquein
1172 997 1211 1061 iia
1230 985 1302 1080 ipsa
1317 996 1370 1060 lo·

287 1084 354 1158 eis,
375 1093 457 1164 quae
471 1079 567 1143 alieni
578 1080 684 1143 auxili
703 1077 887 1145 llefiderium
901 1078 995 1144 nobie
1013 1079 1150 1157 faciunt,
1167 1100 1229 1144 noa
1251 1100 1293 1146 eo
1312 1081 1370 1145 de-

285 1167 416 1233 stituunt
432 1174 466 1229 et
478 1163 564 1249 spem
579 1161 704 1248 panitur
717 1163 846 1238 fallunt,
874 1165 908 1229 in
923 1164 992 1229 aliie
1008 1184 1104 1244 vero,
1125 1166 1158 1230 in
1176 1165 1288 1249 quibua
1309 1187 1368 1232 ne·

284 1269 467 1403 ppeearlpm
475 1268 582 1399 fipppn
597 1248 763 1398 defflerrpt,
785 1250 824 1311 ad
836 1245 988 1313 faffifflum
1004 1248 1152 1333 copiosae
1172 1251 1370 1399 suntffi‘ss}

242 1349 245 1360 '
363 1353 457 1399 tra
520 1353 590 1398 rus
683 1355 701 1395 e
828 1353 869 1397 ue
1040 1354 1243 1400 meamcucu

78 1419 81 1430 ⁴
168 1417 170 1428 '
215 1481 219 1492 „
283 1413 510 1506 haurl'paffua,
541 1418 594 1483 sed
611 1352 1187 1504 tpl)erpett‘ti'ssn}oetaonIieiaotn'rmentatiis
1216 1418 1369 1485 illustrare

284 1515 418 1572 conatae
435 1503 512 1588 sum.
560 1502 738 1587 Vnicuique
754 1501 837 1568 libro
854 1502 926 1567 satia
950 1505 1087 1587 amplum
1101 1503 1242 1592 praemisi
1259 1507 1367 1589 Argu.

282 1605 441 1668 mentum,
478 1598 512 1654 rt
533 1588 738 1662 confotum,
821 1609 839 1658 e
859 1586 977 1652 summa
1000 1588 1184 1665 eiuareffet,
1208 1608 1293 1673 ‚quae
1316 1587 1366 1653 se·

280 1678 346 1743 ries
367 1685 472 1740 rerum
493 1685 683 1740 mnatamm
705 1690 747 1736 co
782 1671 872 1737 estim
898 1672 932 1737 in
955 1673 1069 1737 oculos
1088 1674 1277 1750 incurreret,
1306 1693 1366 1738 ne·

281 1781 344 1846 que
361 1757 445 1845 opus
466 1757 630 1834 habetem,
655 1759 782 1840 quoties
799 1755 894 1824 Silina
915 1757 952 1821 ed
974 1758 1032 1822 alia
1045 1761 1366 1842 progrederetur,‘in

281 1849 370 1912 notis
389 1847 422 1910 id
436 1844 573 1909 indicare
586 1843 685 1925 (vnde
702 1853 753 1906 tot
768 1840 1002 1907 obseruationes
1012 1843 1134 1910 Ernesti
1151 1856 1240 1909 ortae
1253 1842 1365 1922 sunt);

240 1951 244 1964 ’
273 1932 451 2000 sedetiam
477 1944 626 2011 magnum
654 1926 819 1991 historicae
845 1938 879 1993 et
905 1928 1050 2010 poeticae
1079 1927 1265 1993 narrationia
1295 1929 1365 1992 ‹lis-

280 2018 401 2082 crimen
423 2012 592 2096 planiffrme
616 2011 870 2095 cognosceretur.
922 2012 960 2077 In
981 2011 1049 2097 ipso
1074 2026 1178 2079 autem
1193 2023 1365 2100 ‘commen-

279 2102 363 2169 tario
382 2100 446 2163 hoc
460 2095 651 2188 potissimum
672 2097 744 2180 egi,
771 2106 822 2174 vt,
846 2115 1060 2182 quaecumque
1074 2101 1214 2163 nondum
1229 2099 1266 2162 ab
1289 2099 1364 2164 atita

243 2196 251 2212 “
278 2197 333 2251 ant
348 2182 444 2258 reem,
464 2193 518 2247 aut
536 2181 607 2246 satia
623 2180 783 2266 perspicue
803 2180 943 2264 exposita
958 2194 992 2247 et
1008 2182 1154 2249 illuſtrata
1168 2181 1273 2258 essent,
1296 2203 1365 2267 pro

278 2268 425 2350 sacultpte
443 2285 513 2331 mea
531 2269 705 2331 accuratius
724 2266 938 2344 enuclearem,
959 2287 1018 2331 nec
1036 2269 1108 2352 quid
1129 2285 1201 2333 uam
1222 2270 1367 2333 omnino

278 2287 1362 2516 ratiuncularumtra,elatratt

232 2565 238 2582 ,
276 2526 342 2591 hot
364 2457 523 2591 liteerffrum
544 2541 663 2607 genere
683 2520 792 2586 versati
811 2482 846 2586 et’
857 2484 1017 2605 proueffl',
1038 2541 1141 2607 neque
1154 2457 1269 2607 lamen
1284 2541 1361 2587 em·

170 2659 174 2666 .
276 2611 351 2690 diti,
385 2610 490 2692 Atque
504 2609 538 2672 in
553 2607 784 2672 obscurioribus
802 2605 883 2669 locis
899 2626 968 2670 earn
983 2606 1217 2673 fere'rationem
1231 2608 1362 2680 secutus

275 2696 360 2770 sum,
393 2704 430 2759 vt
444 2694 527 2759 vnde
545 2691 708 2758 difficultas
729 2690 926 2774 intelligendi
948 2702 1020 2757 nata
1041 2689 1095 2769 fit,
1130 2704 1164 2758 et
1188 2694 1360 2778 quomodo

274 2783 381 2847 nodas
403 2777 544 2862 expediri
569 2775 906 2861 pertractationem.
957 2777 994 2843 In
1019 2775 1192 2843 vuiuersum
1216 2798 1293 2842 vero
1319 2778 1361 2842 id

167 2859 170 2876 '
274 2875 405 2949 operam
421 2864 504 2938 dedi,
526 2871 560 2927 vt
578 2881 644 2942 non
663 2862 763 2925 modo
783 2873 911 2944 poetam
924 2882 962 2926 ex
978 2861 1114 2939 historia,
1138 2863 1359 2948 mythologie,

274 2950 464 3034 antiquitatis
477 2947 615 3023 scientia,
635 2959 668 3010 et
680 2946 875 3029 geographia
886 2945 1135 3022 innueremsed
1146 2951 1238 3013 etiam
1252 2950 1284 3011 in
1301 2969 1359 3026 ea,

183 3035 184 3038 ’
273 3055 355 3120 quae
378 3032 442 3098 fiue
460 3033 589 3116 pulcra,
606 3032 763 3115 praeclara
783 3043 817 3096 et
835 3029 991 3107 sublimia,
1015 3029 1080 3098 siue
1102 3053 1216 3117 praua,
1244 3034 1360 3098 tenuia

268 3132 307 3186 et
319 3118 469 3203 languida
486 3114 598 3191 essent,
620 3118 653 3181 in
671 3113 740 3184 Silii
760 3127 860 3181 artem
871 3127 905 3181 et
920 3116 1112 3195 domnitam,
1141 3120 1175 3182 in
1195 3119 1357 3183 orationis

271 3205 418 3291 poeticae
445 3211 608 3276 ornamm,
637 3203 670 3265 in
692 3200 860 3266 verborum
882 3200 1070 3277 ubertatem,
1100 3202 1210 3286 (quam
1233 3212 1358 3281 tamen,

271 3291 360 3376 quod
381 3288 480 3372 supra·
496 3288 559 3351 iarn
579 3288 708 3361 monui,
730 3304 799 3350 non
814 3285 972 3363 omnibus,
994 3286 1105 3371 quibua
1119 3300 1280 3370 poteram,
1300 3287 1358 3352 lo·

201 3429 204 3437 .
271 3377 319 3441 cia
341 3374 468 3447 notaui,
497 3392 541 3436 ne
562 3367 715 3455 magistris
738 3369 1017 3436 commodissimam
1035 3373 1157 3456 ingenii
1180 3373 1358 3457 iudiciique

143 3497 147 3509 ·
269 3459 417 3525 iuuenilis
433 3458 564 3522 acuendi
583 3456 781 3523 occasionem
792 3457 1019 3542 praeriperem)
1033 3459 1066 3521 in
1082 3457 1301 3524 sententiarum
1316 3470 1360 3524 et

269 3546 518 3630 phantasmatum
543 3539 724 3608 suauitatem
754 3561 790 3604 ac
819 3542 849 3604 di
896 3543 1019 3619 itatem,
1050 3543 1084 3606 in
1111 3543 1217 3607 rerum
1237 3541 1356 3607 verbo·

154 3683 159 3694 ·
221 3560 1027 3796 mirariue.

266 3725 371 3873 grata,
402 3796 558 3866 tetrorum
587 3805 725 3861 mentem
755 3795 935 3881 sensumque
963 3798 1167 3863 intenderem.
1223 3798 1259 3862 ln
1280 3817 1355 3881 quo

265 3904 340 3950 eum
365 3881 485 3948 serurui
507 3881 656 3956 modum,
686 3892 721 3946 vt
737 3882 897 3963 poeticum
920 3880 1097 3946 sermonem
1120 3884 1159 3945 ad
1183 3882 1353 3967 vulgarem

307 3968 437 4034 delirem
458 3987 499 4031 ue
515 3985 714 4041 reuocarem,
736 3965 808 4029 loca
825 3984 903 4029 vero
920 3966 1052 4032 aliorum
1066 3966 1245 4040 cultorum,
1267 3968 1354 4035 aSi.

276 4058 310 4120 ’o
329 4072 390 4138 exp
473 4098 484 4128 ,
507 4052 690 4135 plenamque
706 4050 795 4114 nullo
812 4051 930 4114 iudicio
951 4050 1153 4136 interposito,
1174 4047 1354 4119 indicarent

259 4138 421 4222 ipsamque
458 4138 728 4218 comparationem
756 4135 929 4219 legentium
969 4138 1086 4201 iudicio
1142 4139 1353 4207 ernisttetern.

264 4228 414 4299 Ceterum
431 4223 467 4294 in
485 4222 575 4294 enni
591 4221 701 4294 labore
718 4239 795 4292 meo
811 4220 869 4289 luc
886 4221 1010 4291 raucae
1028 4221 1099 4293 tsua
1118 4159 1210 4308 fun,
1232 4237 1267 4289 vt
1289 4223 1352 4288 ati·

1246 4327 1350 4394 quam
