2867 5059
216 471 219 478 .
275 467 281 474 .
329 393 573 498 'Lxxxvtl'v
647 408 1243 506 nuscnuaaevuum„
1331 473 1336 482 ,

651 531 661 558 '⁴
1278 555 1292 572 ιι

421 656 430 675 ,
619 579 975 676 Ὁί,[ιΒιυΧῐ.
1209 607 1213 636 ³
1325 585 1390 616 ⁴¹

398 711 401 718 ’
450 706 590 790 Adcepta'
611 707 647 768 ad
669 709 791 773 Cannas
811 709 898 771 ferali
912 705 1179 790 'cladecruentaa
1241 783 1243 786 ¹

235 811 246 832 r
336 795 416 862 Mox
438 791 571 875 sequitur
588 792 697 874 populi
718 791 854 856 defectio
879 793 972 855 foeda
993 795 1097 868 Latini
1149 845 1152 850 .
1203 864 1205 867 ,
1239 822 1243 826 ·

88 939 90 946 ⁴
178 921 183 932 ‹
266 882 276 886 ⁶
336 878 389 943 Ad
406 878 501 961 Tyrii
519 875 698 941 tarniausta
718 877 806 939 ducis
827 878 1086 960 memorandaque
1104 879 1206 968 cpstra.
1264 946 1268 954 ,

336 962 381 1026 At
401 963 506 1043 Capua
526 960 685 1041 inprimis,
726 961 819 1030 rebus
842 958 957 1023 sufflata
969 960 1127 1039 secundis,

335 1044 420 1111 Ausa
437 1045 500 1108 fuit
517 1035 651 1130 partem'
659 1042 768 1107 summi
786 1044 840 1105 fibi
866 1044 992 1125 poscere
1014 1047 1100 1121 iuris,

254 1155 258 1164 ’
329 1130 379 1195 'Et
398 1128 513 1195 raiatia
529 1130 596 1191 suas
619 1128 730 1191 aitiori
751 1130 894 1211 paudere»
909 1141 1026 1208 portua,
1097 1171 1102 1180 ·

265 1219 268 1224 ’
334 1207 438 1296 invito
463 1222 496 1276 et
516 1212 623 1282 frustra
644 1214 747 1282 Decio
763 1211 949 1293 prohibente
969 1213 1118 1276 furorem·

334 1299 395 1365 Hic
417 1317 513 1380 quum
535 1298 616 1359 inter
635 1295 754 1358 mensas
772 1300 989 1378 Campanaque
1011 1298 1123 1381 pocula
1142 1296 1244 1363 vidtur
1260 1281 1278 1320 ⁰'

252 1397 258 1403 “
332 1379 478 1457 Desidet,
502 1377 761 1461 inuisumregem
783 1379 967 1443 obtruncare
988 1379 1112 1463 parabat

186 1487 189 1498 ·
318 1465 506 1532 ¹Confidens
527 1465 621 1528 animi
640 1461 780 1538 iuveniS,
823 1475 1032 1548 coeptumque
1055 1467 1167 1529 minaci

332 1549 414 1618 Ense
432 1547 574 1632 patrasset
594 1567 692 1630 opus,
734 1548 819 1610 nise
841 1546 982 1613 tenuisset
1002 1562 1128 1613 euntem

217 1639 220 1640 ⁷
241 1703 243 1708 ,
332 1634 461 1700 Patauio
481 1632 617 1720 genitor.
659 1632 781 1698 Dehinc
802 1643 893 1698 natus
916 1633 1088 1698 Hamilcare
1108 1635 1235 1706 [ratrem

181 1715 205 1776 ’ἶ
293 1785 297 1794 ,
330 1720 457 1794 Mittit„
474 1729 510 1782 ut
530 1717 568 1778 ad
580 1718 701 1800 patriae
723 1717 850 1798 cupidas
871 1717 948 1779 haec
970 1721 1091 1781 nuntiet
1111 1731 1214 1794 aures,

276 1867 282 1872 ,
330 1804 524 1887 Pugnatum,
545 1812 578 1867 et
596 1804 718 1870 Cannas
738 1800 841 1866 hostili
862 1801 956 1866 caede
977 1802 1121 1888 repletas.

751 2047 865 2121 Lranl
892 2047 987 2120 ΧΠ..

438 2170 504 2234 Iam
523 2167 674 2252 Zephyro
695 2170 727 2233 in
748 2181 845 2234 terras
865 2171 941 2234 flatu
962 2171 1115 2234 redeunte
1131 2174 1264 2254 tepenti,

328 2254 434 2326 Hostis
457 2253 669 2336 Parthenopes
689 2256 726 2316 ad
748 2274 856 2318 muros
878 2257 1002 2336 agmina
1022 2257 1116 2318 ducit.

326 2340 442 2406 Inritus
461 2338 534 2401 hinc
552 2339 658 2420 coepti
677 2342 792 2406 Cumas
812 2341 906 2421 petit:
949 2341 1021 2402 inde
1041 2339 1207 2430 profestos

326 2427 426 2491 Marte
449 2423 668 2488 Dicarchaeam
687 2435 775 2505 parat
795 2425 953 2506 exagitare
975 2425 1141 2494 iuuentam
1236 2441 1239 2458 ·

214 2513 232 2588 ’ζ
325 2509 415 2577 Hinc
430 2518 539 2571 movet
557 2508 765 2589 adtrepidam
784 2508 855 2570 belli
877 2509 1038 2570 molimina
1058 2508 1188 2572 Nolam:

306 2593 477 2659 ntarcello
498 2592 550 2654 sed
571 2602 636 2655 turn
657 2590 772 2656 fractus
794 2593 957 2676 pulsusque
976 2590 1103 2655 reccffit.

177 2755 180 2762 .
288 2673 291 2684 ’
324 2679 477 2745 Strenuus
498 2688 530 2741 et
550 2674 666 2741 Sardos
687 2687 802 2740 tutatur
823 2676 860 2738 ab
880 2677 968 2756 ⁴hoste
986 2672 1114 2758 Libysso
1221 2739 1224 2744 ,

276 2769 278 2774 ’
324 2763 514 2844 Torquatus.
546 2759 670 2823 miseras
692 2761 803 2823 ardens
824 2762 961 2824 incendit
981 2750 1113 2824 Aeetias

315 2845 494 2915 Hannibal:
534 2844 718 2919 inderem,
740 2846 875 2926 peritura
895 2846 1018 2918 Petilia,
1043 2863 1165 2920 muros,

323 2933 367 2997 Et
387 2932 489 2993 demta
511 2929 667 2992 madidum
686 2930 762 3004 lustu
784 2931 866 3012 capit
887 2949 961 2990 arce·
977 2931 1157 2995 Tarentum.
1207 2980 1210 2986 .
1282 2953 1284 2960 ¹

304 3016 393 3090 ,Nee
413 3034 479 3077 uon
498 3023 532 3077 et
551 3016 595 3079 ca
618 3033 688 3077 uam
708 3015 785 3077 totis
803 3016 863 3076 iarn
881 3013 996 3076 viribus
1018 3028 1132 3095 urguet

253 3117 262 3134 ¹
290 3175 299 3182 Ι
323 3099 486 3165 Dardanus
504 3096 575 3160 obse
600 3103 667 3160 arn:
696 3118 787 3179 quarn
811 3118 905 3180 quum
928 3117 1067 3160 recreare
1088 3099 1185 3174 soluta
1252 3157 1256 3166 .

224 3251 227 3260 ,
324 3179 494 3256 Obsidione
517 3183 643 3265 nequit,
671 3184 805 3246 Romam
825 3184 887 3247 ruit
905 3204 976 3246 acer
996 3184 1034 3244 ad
1056 3184 1148 3245 altam
1177 3251 1181 3256 .

323 3266 449 3344 Hostis,
471 3279 506 3330 ut
526 3281 685 3330 armorum
704 3265 789 3332 fatto
808 3265 929 3349 premat
948 3265 1024 3331 orbe
1047 3264 1194 3332 vicium„

735 3486 850 3560 Lraar
876 3483 978 3557 ΧΙΙΙ.

335 3619 340 3626 ’
434 3612 567 3685 ΜοειιίεΙ
583 3612 635 3675 vix
654 3611 751 3676 hostis
774 3607 914 3683 defensa,
955 3605 1058 3671 versus
1078 3604 1116 3667 ab
1136 3605 1212 3670 urbe

323 3696 460 3761 Cernere
479 3695 625 3772 desierat,
666 3695 766 3759 subito
788 3690 990 3778 quum'figna
1006 3691 1154 3753 movendi

252 3811 257 3822 ¹
322 3780 435 3845 Incidit
457 3781 494 3843 ad
516 3801 625 3844 muros
644 3782 756 3844 iterum
777 3780 871 3841 calor.
913 3773 983 3840 lss'et
1004 3791 1036 3839 et
1054 3775 1127 3854 illac

322 3862 387 3942 Pro
408 3875 455 3928 ter
476 3866 642 3930 Palladium
665 3866 697 3927 ni
717 3864 831 3930 sacram
851 3862 992 3943 Agrippa
1012 3858 1150 3940 negasset

322 3948 369 4013 Po
394 3970 411 4010 e
434 3951 504 4034 capi
524 3943 680 4014 Romam'
709 3947 802 4031 Rapit
821 3965 902 4028 ergo
925 3945 997 4008 inde
1016 3946 1120 4026 inpius
1139 3962 1239 4019 mma,

321 4030 365 4096 Et
382 4044 413 4108 te
434 4053 506 4096 curn
524 4034 619 4114 pleno
637 4033 748 4115 spoliat
765 4032 898 4096 Feronia
918 4023 1000 4092 luco.

322 4116 536 4199 Litoreosque
554 4119 649 4199 perit,
671 4137 753 4200 quos
778 4115 1169 4194 vertitssruttiusragros‘.
1239 4158 1253 4180 a

272 4254 277 4262 .
312 4193 449 4268 Iuli-ius
469 4201 543 4265 hinc
563 4207 701 4284 Capuam
723 4201 867 4277 rediens,
906 4199 1092 4283 tandemque
1111 4192 1281 4261 subaftam

1342 4191 1346 4202 t

1308 4283 1430 4358 Intrat,
