2867 5059
100 411 119 428 ”
182 483 187 490 .
311 415 498 499 xxxvl>
570 467 579 529 ,¹
671 425 1025 510 commeruere
1101 491 1117 514 ‚

253 611 256 620 ¹
310 606 388 670 dam
408 597 519 670 uideri:
551 600 680 686 'Deinde
694 603 856 677 concedo,
878 599 1116 692 illanilvetenum
1129 602 1375 687 poetammNrta

171 743 173 750 .
280 723 281 726 ¹
336 690 380 754 ilii
397 687 555 771 inprimis,
578 684 803 763 imitationem,
825 685 972 770 illumque
993 699 1191 766 tumueram,
1214 711 1377 775 quam-ver·

122 767 127 784 '
236 792 241 808 ¹
286 707 425 839 ‘lorum
449 782 592 836 ornatum
610 772 766 834 eiusmodi
786 769 864 847 elle,
887 783 920 836 ut
934 792 1000 835 non
1013 771 1150 838 dubitem
1164 776 1266 841 Plinio
1280 771 1376 842 suffre-

313 859 392 944 gari,
413 857 466 939 qui
481 856 590 923 Silium
602 856 722 918 maiore
735 874 821 930 auru,
840 845 934 954 quu'm
949 859 1072 938 ingenia
1088 858 1376 1010 carfflnaffllffff‘

312 941 476 1091 iuqicabat.
519 938 619 1022 Saepe
635 942 719 1003 enim
739 936 872 1014 imitatio
886 941 936 1003 illa
957 944 1051 1014 nimis
1073 940 1189 1008 serussis
1204 964 1223 1007 ev
1266 970 1302 1010 ee
1329 947 1376 1010 ad-

313 1025 363 1094 fer
379 1038 443 1102 ata,
465 1033 498 1088 et
510 1045 621 1108 magna
643 1041 860 1106 peracutum,
903 1046 959 1088 uae
980 1048 1019 1104 ex
1035 1027 1107 1091 aliis
1125 1031 1240 1111 poetis,
1263 1031 1375 1095 Home·
1420 1091 1421 1098 ,

221 1117 225 1126 “
313 1129 353 1178 ro
370 1107 559 1195 potilllmum
573 1120 605 1172 et
620 1113 769 1182 Merene,
790 1046 926 1192 exprell'a
940 1122 993 1174 aut
1006 1112 1181 1179 adumbrata
1199 1119 1378 1198 reperimus,

198 1197 202 1208 “
315 1196 359 1263 ita
379 1191 635 1277 comparatam,
669 1203 702 1260 ut
724 1205 870 1257 nontam
889 1195 922 1256 in
941 1196 1049 1257 eadem
1071 1197 1296 1279 phantasmata,
1318 1199 1378 1264 siue

314 1281 480 1348 sententias
500 1292 533 1356 et
548 1276 628 1350 dieta
642 1275 778 1344 incidisse
800 1277 967 1342 censendus
981 1276 1043 1367 tit„
1052 1280 1115 1363 ipsa
1130 1284 1176 1346 rei
1188 1279 1378 1349 similitudine

316 1363 501 1432 memoriam
518 1377 645 1438 eorum,
668 1381 747 1445 quae
761 1383 799 1425 ex
815 1358 938 1446 pristina
958 1363 1094 1438 leitione
1108 1368 1141 1429 in
1157 1373 1262 1432 mente
1281 1370 1354 1434 haes
1367 1403 1378 1422 ι
1420 1435 1421 1446 ,

315 1464 403 1526 rant,
426 1457 606 1522 reuocante,-
629 1466 720 1530 quam
736 1458 768 1511 vt
786 1448 893 1529 potius
909 1468 948 1510 ex
962 1448 1106 1512 industria
1125 1464 1156 1516 et
1173 1451 1312 1534 imitandi
1382 1517 1388 1532 ‚

316 1537 372 1602 dio
392 1551 501 1617 parum
515 1529 615 1598 subtili
637 1552 673 1593 ea
690 1529 844 1594 adseiuill'e
870 1544 962 1615 atque
981 1531 1143 1617 adripuisse
1163 1538 1262 1604 uideri
1284 1453 1382 1622 poa

284 1647 286 1652 ·
315 1617 429 1688 Vbiuis
449 1617 515 1680 fere
540 1616 641 1679 dedita
665 1633 762 1700 opera
784 1615 952 1698 seduloque
972 1632 1154 1686 ornamenta
1175 1619 1322 1699 femur,
1350 1633 1381 1690 et

151 1761 154 1772 ,
255 1761 258 1768 ,
317 1706 392 1770 artis
406 1699 626 1783 doetrinaeque
643 1699 840 1765 ostentandae
855 1701 1053 1783 cupiditatem
1072 1705 1186 1786 prodit.
1230 1699 1336 1776 Pasira

234 1863 238 1872 ,
312 1825 314 1830 ,
428 1787 500 1851 Pur
522 1801 632 1858 urent,
653 1784 714 1848 late
735 1788 788 1869 qui
796 1781 976 1867 splendeat,
996 1807 1075 1851 unus
1090 1798 1118 1852 et
1131 1789 1221 1853 'alter
1298 1831 1303 1840 .

428 1869 484 1936 Aa
495 1872 582 1948 adua
600 1887 732 1950 parrana.

327 1971 330 1980 ·
430 1953 495 2020 Sed
513 1971 592 2018 nunc
608 1972 668 2016 riou
689 1961 757 2020 erut
776 1952 827 2033 lais
845 1951 938 2019 lucus.

316 2039 485 2116 Luxuriat,
517 2050 551 2104 vt
570 2039 658 2109 vitis,
678 2041 767 2103 cuius
787 2037 917 2103 frondes
938 2031 1143 2122 superuacuae
1168 2053 1235 2105 non
1261 2059 1383 2124 compen

316 2125 459 2200 scantur,
490 2133 539 2198 et,
555 2124 676 2187 serocis
698 2124 774 2206 equi
793 2124 900 2198 instar,
929 2122 1048 2187 summo
1067 2126 1248 2208 plerumque
1268 2128 1383 2209 impetu

316 2208 433 2286 fertur,
454 2217 554 2292 neque
575 2207 708 2271 habenas
725 2207 819 2282 audit,
840 2205 891 2272 sed
904 2210 1037 2291 ingenio
1049 2209 1230 2293 indulgens,
1248 2231 1307 2275 nec
1319 2229 1383 2274 mo

273 2298 275 2315 '
317 2293 408 2366 dum,
440 2305 500 2355 nec
515 2292 668 2358 rationem
688 2292 802 2367 seruat,
830 2295 902 2375 quia
919 2291 1040 2376 semper
1062 2291 1235 2376 elegantiae
1256 2293 1386 2362 aueuu

317 2374 524 2443 salaminae
539 2377 664 2459 copias,
686 2378 778 2440 etiam
794 2376 844 2441 vbi
865 2373 1174 2459 minime-congruit,
1200 2398 1385 2463 expromere

311 2473 458 2526 donatur.
487 2504 493 2514 =
516 2462 565 2527 Ab
581 2461 643 2524 hoc
661 2462 761 2526 nimio
785 2472 817 2526 et
837 2461 982 2544 peruerse
1008 2461 1148 2526 imitandi
1166 2462 1268 2528 studio
1295 2464 1396 2528 etiarn

316 2545 459 2632 profesta
475 2547 519 2611 est
540 2545 741 2629 inaequalitas
768 2546 959 2631 varietasque
978 2545 1130 2610 sermonis
1150 2549 1288 2631 poetici,
1321 2566 1385 2630 quo

288 2650 293 2658 ⁴
339 2630 483 2696 lurimum
505 2625 582 2698 Silio
601 2629 731 2715 praestat
741 2626 917 2712 'Virgilium
950 2630 984 2692 ln
1006 2628 1094 2694 cuius
1115 2634 1260 2697 Aeneide
1283 2632 1388 2714 omnia

282 2737 286 2750 ’
315 2647 383 2781 lete
400 2715 469 2781 sunt
487 2714 607 2790 limata,
628 2714 772 2798 castigata
787 2728 820 2777 et
838 2713 1004 2788 naturalia,
1036 2715 1261 2799 mirabilisque.
1276 2719 1387 2789 cultus,

315 2799 419 2874 nitor,
441 2813 580 2874 umatus,
607 2801 752 2884 dignitas,
774 2801 920 2882 grauitas,
942 2797 1120 2882 castitasque
1136 2803 1168 2863 in
1187 2799 1387 2884 summajpro·

317 2887 448 2972 p'rietate
471 2896 505 2948 et
520 2882 711 2966 simplicitate
731 2884 874 2948 seruatur.
929 2884 1093 2948 ln'nostro
1117 2891 1228 2950 contra
1253 2888 1387 2950 carmine

105 2973 110 2980 “
215 3033 218 3040 ,
318 2970 421 3034 urano
438 2979 501 3033 tam
518 2987 625 3051 parum
641 2963 694 3031 libi
708 2968 836 3044 constat,
856 2979 888 3033 ut
903 2966 960 3031 alia
977 2968 1224 3051 phantasmatum
1243 2971 1391 3036 suauitate

181 3087 187 3108 κ
237 3113 239 3118 ⁴
318 3059 355 3117 a'c
373 3051 557 3117 sublimitate
570 3052 735 3134 delestent
755 3063 868 3117 etcum
884 3068 1000 3136 magno
1014 3053 1129 3135 spiritu,
1151 3071 1208 3118 ore
1225 3076 1298 3120 vere
1314 3075 1387 3139 poca

274 3152 276 3156 ’
316 3141 382 3204 tico
399 3148 432 3202 et
447 3134 597 3221 exquifito
618 3147 730 3203 ornatu
745 3137 823 3201 elata
840 3136 916 3213 smt3
935 3138 993 3199 alia
1005 3136 1167 3202 inmodico
1187 3152 1313 3204 tumore
1325 3152 1389 3224 tun

317 3219 458 3307 gescant,
480 3235 513 3286 et
530 3219 639 3285 otiosis
656 3220 808 3298 versibus,
827 3234 983 3304 tamquam
997 3222 1134 3299 laciniis,
1156 3221 1289 3299 adiutis,
1313 3225 1389 3289 mul·

317 3307 416 3390 tiplici
444 3307 626 3382 verborum,
663 3307 898 3380 sententiarum,
936 3307 1168 3390 imaginumque
1204 3306 1391 3385 variatione,

317 3394 413 3460 meris
426 3389 582 3474 phrasibus
601 3391 735 3472 poeticis
748 3403 781 3454 et
793 3409 873 3456 uano
891 3392 1101 3474 exaggerandi
1115 3392 1217 3457 studio
1235 3394 1389 3479 frigeant;

319 3478 376 3542 alia
396 3478 529 3559 denique
550 3477 643 3538 nimis
660 3475 793 3552 subtilia,
822 3469 948 3558 arguta,
973 3477 1107 3550 ludicra,
1129 3476 1278 3560 languida
1294 3491 1326 3543 et
1345 3489 1389 3544 te·

317 3563 391 3627 nuia
405 3562 573 3625 videantur.
616 3557 660 3625 Vt
673 3560 781 3643 paucis
803 3577 868 3623 rem
885 3559 1055 3636 absoluam,
1075 3562 1132 3624 alia
1147 3583 1299 3645 magnum
1311 3573 1390 3647 poe*

182 3700 191 3720 „
301 3657 381 3712 tam
398 3648 524 3720 decent,
545 3644 604 3706 alia
621 3643 690 3707 sunt
702 3645 884 3708 luxuriantis
892 3645 1034 3726 ingenii,
1055 3648 1144 3710 cuius
1163 3649 1247 3711 uires
1265 3649 1390 3712 inallo-

317 3751 388 3796 rum
403 3729 522 3804 verbis,
550 3728 670 3804 modis,
690 3728 819 3810 figuris,
836 3728 1023 3811 imaginibus
1044 3746 1077 3795 et
1093 3730 1253 3796 sententiis
1273 3735 1390 3798 varian-

319 3815 367 3879 dis
380 3817 509 3898 turpiter
521 3814 710 3877 adteruntur.
750 3813 836 3879 Haec
855 3812 899 3876 est
916 3814 965 3877 illa
981 3816 1073 3896 appia
1087 3827 1119 3880 et
1133 3816 1257 3880 ubertas
1280 3817 1391 3882 verbo·

260 3909 269 3922 ¹
317 3901 406 3975 nim,
437 3900 487 3963 illa
501 3896 654 3961 orationis
666 3897 827 3972 luxuriee,'
851 3915 944 3979 quam
958 3897 1080 3981 saepius
1099 3901 1244 3982 quidem,
1266 3922 1329 3970 oea
1348 3911 1391 3966 n-

318 4005 392 4050 men
405 3982 520 4056 toties‚
543 3983 668 4065 quoties
686 3983 844 4064 poteram3
863 3985 894 4043 in
908 3985 1143 4048 Commentario
1167 3979 1289 4060 notaui,
1314 4005 1392 4070 quoa
1420 3983 1421 3986 ’

202 4071 208 4086 “
317 4072 400 4133 niam
421 4088 490 4131 eam
510 4066 740 4149 deprehendere
760 4086 826 4129 non
846 4067 925 4129 adeo
944 4088 1075 4149 magnae
1094 4067 1254 4133 doetrinae
1271 4071 1393 4154 magni·

266 4171 273 4176 ·
313 4175 378 4236 que
399 4151 549 4216 acuminis
566 4150 626 4225 est,
652 4161 685 4215 et
705 4152 855 4214 iuuenum
872 4152 978 4234 potius
996 4153 1145 4216 iudicium
1163 4156 1396 4238 ingeniumque

316 4240 351 4304 in
375 4257 411 4301 ea
427 4258 462 4302 re
481 4253 628 4300 exercere
646 4235 759 4300 soleo:
793 4236 1083 4318 Quamquam'uero
1098 4236 1277 4304 sermonem
1301 4259 1393 4304 oma-

1261 4335 1395 4408 tumque

1337 4477 1344 4512 l
