2867 5059
247 360 383 474 uti
534 451 542 464 ,
662 403 1150 468 commonuerim-1

294 582 335 645 Ρ,
351 573 409 662 R.)
418 571 586 662 faccifflmi
601 575 811 659 teterrimique
825 571 962 642 Neronis
982 597 1068 641 mors
1086 526 1315 668 cmipicctc'ffime
1329 577 1376 650 iel·

205 661 210 666 ’
294 661 381 730 cidit.
425 661 584 728 Adcinunt
604 661 701 724 Iustus
721 659 841 742 Lipsius
864 676 897 730 et
920 664 970 737 lo.
985 665 1162 740 Livineius,
1193 675 1321 748 vterque
1342 665 1377 734 ia

294 751 387 820 Plinii
406 747 560 828 Panegyr.
577 764 644 826 cap.
657 752 704 820 58.
728 748 818 808 cuius
838 748 947 822 verba,
969 749 1052 812 Erat
1068 753 1100 813 in
1108 746 1222 832 sectatu
1239 758 1287 816 ter
1306 773 1374 817 cocc-
1416 791 1427 800 -›

285 833 349 922 sul,
371 853 464 918 quum
479 838 514 893 tu
525 832 651 894 tertium
664 849 718 892 coo
733 830 851 893 clatum
866 828 1038 912 recusabas,
1060 837 1098 897 de
1111 837 1191 901 Silio
1202 838 1312 902 Italico
1326 839 1372 902 lu·

238 969 241 980 ,
293 929 510 1004 terpretantur.
561 915 724 979 Liuineius
747 913 828 979 hund
849 917 1094 986 dubitabundus:
1126 919 1239 992 Potius
1252 922 1311 1006 stt,
1338 929 1373 985 ct

216 1063 220 1079 .
295 1007 326 1076 C.
343 1004 457 1072 Silium
470 998 611 1064 Italicum
629 1002 804 1080 capiamus,
826 1005 879 1084 que·
897 1005 1022 1070 tertium
1038 999 1138 1086 consul
1155 1025 1195 1069 ex
1211 1011 1267 1072 ecl.
1281 1008 1374 1073 Iuliis

283 1079 446 1179 subfetius‘
461 1105 527 1149 cum
540 1084 667 1148 Statilio
687 1085 854 1150 Laterano.
893 1086 962 1152 Aac·
981 1091 1098 1176 Festos.
1141 1092 1237 1168 Quod
1259 1095 1297 1157 ad
1315 1096 1371 1157 Fa.

293 1181 358 1245 stos
378 1175 509 1246 adtinet,
531 1171 540 1233 i
565 1168 595 1232 se
610 1168 732 1252 Lipsius
755 1172 794 1254 in,
811 1169 877 1236 nl
900 1171 1029 1238 fatetur:
1052 1176 1176 1241 Rcacra
1195 1196 1276 1256 pars
1298 1177 1373 1242 boec

292 1269 340 1333 Fa
366 1278 455 1324 oram
476 1258 512 1318 ic
525 1190 671 1349 bibfijtiis
696 1250 1059 1349 commonstrarem,
1092 1281 1145 1323 nec
1168 1266 1232 1326 acie
1250 1264 1372 1345 ingenii

290 1265 424 1432 (abique
438 1342 630 1404 monimentis
638 1337 696 1423 fit)
707 1331 807 1424 facile
822 1341 1032 1430 illustranda„
1060 1343 1190 1410 Variont
1203 1351 1303 1424 enim,
1327 1349 1370 1412 lu·

164 1497 168 1512 ,
292 1437 373 1507 ceri,
395 1427 604 1493 inconstantes
618 1426 700 1499 sunt,
720 1437 767 1498 et,
791 1445 873 1507 quos
889 1429 1038 1502 vidimus,
1062 1432 1236 1507 Literna,
1258 1455 1297 1497 ex
1310 1433 1370 1498 oal.

289 1522 347 1589 Iul.
368 1510 525 1583 falcetto,
557 1510 695 1575 Nonium
716 1509 936 1592 Asprenatem,
968 1533 1034 1577 non
1055 1514 1167 1581 Silium
1173 1515 1183 1591 ρ
1212 1519 1370 1602 collegam

221 1625 230 1636 ¹
290 1609 374 1671 dant.
423 1596 521 1675 Quod
545 1593 567 1657 fi
589 1606 636 1658 ter
656 1592 757 1660 fuiffet
778 1597 902 1670 consul,
929 1599 961 1661 id
979 1600 1114 1675 Plinius,
1145 1603 1199 1683 qui
1221 1603 1313 1669 vitam
1335 1615 1370 1670 et

257 1743 261 1750 .
287 1700 427 1757 mortem
453 1683 521 1744 eius
547 1678 706 1751 describit,
740 1700 799 1743 nec
824 1683 990 1764 quidquam
1015 1683 1368 1767 loudiepmetermittit,

241 1789 244 1796 ,
269 1809 272 1814 -
287 1779 394 1858 vtique
408 1787 475 1834 non
489 1761 634 1854 tacuisset.
677 1764 762 1841 Quin
776 1769 882 1847 potius
891 1767 1039 1833 Martialis
1053 1790 1070 1832 e
1092 1771 1286 1852 igr.Vll,63,
1296 1773 1379 1855 post*

230 4451 255 4522 lb

287 1858 491 1926 ⁰⁰¹¹s¹¹l²t¹¹mr
516 1869 619 1932 quem·
641 1867 737 1930 quum
752 1852 841 1915 Nero
858 1854 984 1932 periret,
1006 1874 1047 1936 ge
1072 1869 1153 1928 erat,
1178 1877 1243 1921 are
1288 1857 1369 1924 blica

274 1940 437 2012 ‘'receffiffe
455 1948 488 2000 et
503 1936 573 1999 otio
588 1933 618 1997 le
631 1933 765 2002 honesto
779 1935 892 1999 dedilie
908 1933 1074 2003 adleuemt.
1117 1939 1222 2007 Verba
1292 1955 1322 2008 ῃ

356 2017 359 2024 “
421 2021 588 2108 Postquam
607 2016 658 2081 bis
667 2014 756 2099 senis
771 2022 924 2101 ingentem
935 2019 1077 2106 fascibus
1095 2043 1211 2088 aureum

475 2105 633 2174 licuerat,
656 2100 777 2185 adserto
799 2108 853 2189 qui
862 2103 957 2187 sacer
974 2110 1049 2174 orbe
1063 2108 1150 2193 suit:

419 2191 577 2258 Emeritos
597 2186 696 2272 Mefts
717 2196 747 2251 et
768 2190 892 2254 Phoebo
912 2194 1047 2258 tradidit
1065 2211 1174 2272 acinos,

474 2276 599 2357 Proque
611 2270 672 2356 suo
695 2273 828 2338 celebrat
850 2297 927 2341 nunc
947 2279 1096 2343 Helicona
1107 2279 1195 2366 foro.
1292 2273 1298 2288 ⁴

395 2391 448 2458 De
463 2390 577 2471 quouis
595 2370 793 2470 igiturolios
808 2406 898 2472 quam
919 2391 957 2452 de
971 2390 1067 2468 Silio,
1091 2391 1179 2456 Plinii
1196 2409 1274 2475 pane
1300 2391 1367 2477 yri-

286 2499 357 2545 cum
374 2474 637 2557 interpretandum
655 2474 805 2536 ducimus.
848 2475 944 2540 Causa
959 2491 1055 2552 ver0,·
1073 2497 1150 2560 quae
1169 2478 1251 2543 dou·
1277 2496 1368 2544 imos

285 2566 421 2648 virosin
438 2562 522 2624 illam
539 2559 726 2640 opinionem
743 2559 883 2633 adduxit,
904 2582 943 2623 ex
960 2561 1022 2624 alio
1040 2562 1189 2633 Martialis
1206 2585 1224 2624 e
1248 2565 1366 2644 igram-

221 2647 224 2656 ’
284 2661 367 2714 mate
393 2658 496 2711 natam
520 2641 579 2707 elie
601 2641 826 2716 existimamus,
857 2643 941 2725 quod
960 2642 1071 2711 LXVI.
1095 2648 1138 2710 est
1160 2646 1211 2710 lib.
1221 2582 1303 2713 bill.
1328 2651 1367 2712 in

282 2754 348 2820 quo
368 2736 462 2797 trium
479 2728 692 2792 consulatuum
712 2725 750 2791 lit
770 2730 909 2802 mentio,
930 2727 980 2793 sed
999 2731 1041 2795 ita
1058 2729 1305 2806 distributorum,
1328 2745 1368 2800 vt

257 2889 260 2898 k
282 2823 403 2904 primus
423 2815 518 2899 patris
541 2814 607 2880 Silii
627 2813 739 2886 suerit,
763 2813 850 2877 *alter
870 2813 927 2876 filii
949 2815 1095 2890 maioris,
1128 2835 1220 2899 quem
1243 2817 1369 2882 Plinius

281 2924 408 2989 quoque
430 2899 510 2965 dieu
535 2897 662 2981 epistola
678 2899 840 2982 florentem
862 2908 894 2962 et
916 2895 1103 2981 consularem
1125 2903 1219 2965 dixit:
1247 2903 1365 2966 tertius

279 3002 359 3055 voto
376 2999 503 3072 apoetu
518 2982 717 3068 praesumitur
734 3003 793 3064 pro
808 2985 931 3046 minore
945 2985 1024 3062 filio,
1040 2988 1093 3068 qui
1109 3007 1184 3050 vero
1201 3007 1267 3049 non
1283 3007 1366 3050 con-

279 3069 434 3156 sequutus'
453 3070 512 3144 est,
541 3067 591 3130 sed
613 3079 684 3130 aute
707 3073 826 3149 patrem
849 3067 981 3135 deceffit.
1008 3123 1013 3130 .
1031 3069 1074 3135 Hi
1092 3073 1228 3134 maxime
1243 3071 1363 3150 versusss

279 3162 462 3243 opinamur,
485 3173 625 3218 errorem
645 3153 850 3217 induxerunt:

506 3239 568 3301 Bis
577 3235 672 3321 senos
691 3238 773 3301 iubet
792 3258 829 3301 ec
848 3237 954 3302 redire
966 3232 1071 3323 safres

507 3323 593 3387 Nato
615 3319 742 3404 consule,

279 3408 392 3484 idest,
416 3406 485 3470 filio
506 3407 652 3481 consulor
684 3407 736 3471 vbi
755 3406 879 3489 quidam
902 3403 988 3478 libri,
1009 3401 1058 3469 seb
1081 3407 1184 3470 minus
1207 3404 1363 3490 castigati,

206 3559 210 3568 ,
278 3504 349 3558 uoto
371 3489 503 3575 conjicio,
524 3491 606 3573 quasi
628 3492 666 3554 de
689 3506 794 3574 putre,
815 3509 881 3554 non
900 3491 938 3552 de
954 3490 1022 3552 lilio
1041 3492 1242 3578 intelligatur.
1285 3495 1363 3557 Nos

278 3600 356 3645 vero
372 3579 524 3642 malumus
539 3574 709 3641 Vincentio
726 3574 873 3650 Colleffo,
896 3573 1084 3638 nobililiimo
1105 3578 1180 3639 iuris
1201 3575 1361 3654 consultu,

276 3685 370 3747 quam
385 3663 532 3729 Liuineio
545 3672 598 3723 out
611 3660 727 3741 liplio‚
749 3661 910 3732 abcedere,
933 3661 1070 3742 quiante
1085 3661 1146 3724 hos
1156 3660 1242 3726 XIV.
1253 3682 1361 3726 annos

278 3750 316 3811 ad
331 3750 394 3812 hoc
412 3749 603 3829 epigramma
622 3757 851 3808 commentatus
866 3745 925 3807 ost:
947 3745 1048 3808 Silius
1066 3756 1158 3825 pater
1171 3742 1270 3827 siml
1287 3756 1362 3808 tacc-

216 3831 222 3838 ’
277 3843 340 3898 tures
356 3829 539 3917 consolfuit.
558 3849 591 3893 ca
607 3847 699 3902 anim,
722 3849 780 3912 qao
799 3831 897 3909 periit
912 3829 1008 3892 Nero.
1051 3831 1103 3894 Sic
1119 3829 1199 3895 bene
1221 3834 1361 3898 Martiali

276 3939 349 3982 cum
364 3919 465 3984 Plinio
482 3916 654 3991 conuenit,'
671 3935 731 3978 nec
748 3913 812 3979 fine
826 3913 913 3977 causa
927 3915 980 3977 ille
997 3915 1123 3990 addidit,

437 4001 441 4006 '
841 4000 941 4064 Silina
948 3998 1130 4084 frequentes

441 4080 570 4150 Momcll
585 4079 631 4166 stc
652 4102 818 4146 cancerare
838 4081 1018 4166 consulatus.

265 4166 463 4253 ,Macallfiu
486 4167 549 4232 hoo
563 4168 607 4232 est
624 4171 738 4234 eodem
759 4168 895 4250 Collefi'o
917 4161 1105 4253 interprete:
1129 4167 1257 4234 blacult
1276 4165 1363 4233 daos

1264 4251 1362 4345 filios
