2867 5059
347 379 498 480 ruvini
623 407 627 414 «
707 369 1059 484 constes-rucio
1127 453 1136 462 ,

232 612 236 617 .
262 531 265 536 ¹
347 547 513 636 amplexus
524 543 576 651 eso
659 547 749 649 liaud
768 551 866 638 longe
883 552 953 636 post
970 549 1128 622 Barthluni
1145 551 1212 626 Silii
1226 555 1405 638 emendans

289 642 307 726 ι’
347 637 490 708 nietiarn
510 653 646 699 animum
658 637 820 700 intendere
834 640 942 720 coepit
957 638 1279 709 IoanncaFredericur
1297 651 1406 712 Groiio·

346 730 434 794 vius,
450 720 552 822 pullu
569 719 853 822 Obseduntlouibus·
864 736 897 788 et
911 723 978 787 aliis
995 723 1112 824 scriptis
1135 721 1295 814 egregiam
1312 731 1408 795 lucens

347 802 573 875 difficssioribus
592 825 627 872 ao
644 823 720 888 prae
746 808 873 889 reliquis
898 807 1046 889 deposcis
1064 824 1097 876 et
1114 814 1311 880 conclamatis
1333 815 1406 879 locis

214 932 230 966 ‚f
347 895 479 976 ingenio
498 904 530 954 et
548 909 611 972 ope
625 887 888 968 vetustissimarum
915 893 1090 958 editionum
1105 898 1230 963 adfudit
1260 934 1286 946 --
1334 895 1407 966 Vlti-

151 1013 157 1029 .
274 1039 277 1043 ,
346 997 418 1048 mus
432 975 565 1059 denique
580 973 683 1037 nostra
705 978 857 1039 memoria
870 969 978 1044 sitifim
992 999 1076 1043 anno
1091 982 1119 1043 el

1122 981 1215 1046 ass
1324 986 1406 1047 iiiito

321 1055 441 1146 'supro
453 1051 688 1142 nonagesimum
708 1057 829 1142 Lipsiae
847 1057 880 1124 in
895 1059 1055 1144 publicum
1068 1003 1166 1130 emlsll
1183 983 1339 1142 Geellddlills,
1359 1067 1407 1150 qui

346 1171 387 1214 ex
408 1144 563 1230 prioribus
576 1143 848 1219 criticis,·Modi0,
873 1147 1011 1222 Barthio,
1034 1145 1214 1228 Gronouio,
1237 1154 1303 1220 Nic.
1318 1152 1407 1216 Hein-

286 1301 292 1316 ἱ
347 1225 405 1305 sio,
423 1221 571 1314 ullisque,
587 1247 665 1310 quae
685 1231 851 1312 praecipue
865 1232 903 1292 ad
916 1244 1029 1313 poetae
1045 1234 1140 1298 nostri
1156 1251 1298 1303 ornatum
1312 1258 1344 1299 ac
1360 1237 1407 1300 de·

347 1337 403 1382 cus
419 1317 522 1380 facere
538 1312 733 1389 videbantur,
757 1315 964 1396 conquirens,
981 1307 1082 1404 iisque
1088 1331 1186 1396 potas
1203 1321 1270 1387 suas
1288 1322 1406 1394 addens,

257 1411 260 1420 ’
347 1411 518 1470 accuratam
536 1393 606 1462 satia
623 1409 714 1479 atque
737 1397 921 1476 cohcinnam
941 1402 1112 1467 editionem
1132 1406 1228 1471 dedit
1280 1406 1405 1473 Maxime

259 1477 264 1486 ’
336 1483 424 1552 'vero
439 1487 472 1549 in
492 1482 686 1567 praefatione
704 1483 744 1544 ad
762 1482 929 1552 cederem
942 1485 1045 1570 laudat
1066 1502 1097 1551 et
1118 1494 1273 1571 praedicat
1287 1489 1406 1556 Frideri·

348 1591 420 1640 eutii
431 1563 633 1635 Benedislum
647 1567 880 1648 Carpzouium‚
901 1572 986 1653 quod
1005 1571 1175 1637 editionem
1191 1572 1406 1648 Dan'Heinlil,

347 1656 399 1721 cus
418 1653 503 1719 filius
527 1649 676 1718 Nicolaus
692 1649 836 1718 Heinsius
858 1673 949 1717 manu
966 1649 1016 1718 sua
1035 1658 1140 1738 plures
1156 1660 1358 1726 ,consessurus
1378 1667 1407 1721 et

345 1737 582 1808 emendationes
612 1731 816 1819 adscripserit,
849 1741 1079 1805 communicare
1106 1745 1258 1819 voluerit,
1290 1757 1323 1810 vt
1348 1760 1407 1817 cas,

198 1833 202 1843 ’
318 1869 322 1876 -
344 1831 500 1912 tamquam
523 1819 746 1903 pretiosissimas
762 1841 914 1914 gemmas,
935 1824 1188 1893 adnotationibus
1203 1831 1263 1894 suis
1279 1821 1407 1893 inmisce-

344 1920 403 1982 ret
457 1905 576 1974 Verum
600 1918 632 1969 et
648 1904 861 1988 Carp'zouiuin
886 1919 918 1971 et
941 1907 1105 1977 cellarium
1131 1915 1294 1996 opinionis
1322 1914 1407 1976 buius

345 1994 447 2064 salsos·
459 1989 545 2054 fuisse
561 1987 640 2062 haud
662 1987 705 2058 iu
727 1993 846 2073 pridem
865 1985 933 2055 casu
954 1997 1089 2076 quodam
1108 1997 1232 2062 didicis
1253 2001 1408 2064 Adoman·

204 2049 208 2066 ⁸
229 2101 232 2108 ·
344 2079 404 2144 dae
423 2075 505 2139 euiiu
522 2071 593 2139 huic
610 2071 740 2139 editioni
756 2072 880 2138 subsidia
901 2077 1148 2179 circumspiciens
1162 2084 1258 2148 incidi
1271 2087 1302 2147 in
1317 2081 1407 2150 Colo·

217 2185 220 2196 ·
344 2157 431 2232 mesti
450 2156 629 2243 catalogum
652 2159 927 2243 manuscriptorum
946 2162 1036 2228 isaaci
1051 2163 1166 2240 Vossii,
1197 2170 1231 2232 in
1251 2187 1314 2252 quo
1334 2167 1408 2230 inter

162 3163 166 3178 ,
256 3105 261 3130 ’
344 3100 387 3170 rs,
407 3113 498 3159 matut
515 3093 599 3158 iilius
617 3091 768 3159 amentiis
789 3105 936 3177 purgato.

243 3331 246 3354 ι
343 3264 497 3333 cellarius
517 3285 536 3327 a
559 3263 742 3348 Carpnouio
769 3265 950 3349 adceperat,
985 3261 1023 3340 Jo

192 4229 199 4242 =
256 4263 264 4293 y,
341 4196 434 4290 status
452 4215 561 4296 eorum
584 4197 743 4282 exempla,
766 4200 819 4282 qui
837 4199 1013 4266 illaudiindo
1035 4201 1175 4278 facinore
1187 4199 1249 4266 ‘his
1264 4199 1412 4270 thesauris

344 2248 443 2316 libros
469 2245 598 2312 Latinos
621 2264 693 2308 cuin
713 2245 924 2330 manuscriptis
944 2249 1078 2313 collatos
1099 2271 1184 2316 uum
1200 2273 1330 2318 cxxix.
1349 2270 1407 2338 iiie·¹

344 2340 500 2399 moratum
514 2325 620 2395 iuueni
637 2330 751 2394 Silium
764 2332 905 2404 Italicum
913 2332 1036 2418 ‚Heinsii
1051 2354 1118 2399 cum
1130 2331 1408 2421 membripotens

345 2409 450 2487 sotum
493 2415 571 2483 Cum
593 2425 695 2479 autern
716 2417 837 2498 ingenti
859 2410 1008 2482 desiderio
1029 2430 1152 2484 tenerer
1171 2422 1265 2487 huius
1281 2418 1347 2486 libri
1368 2418 1408 2482 vi·

346 2497 439 2576 dendi
465 2519 500 2572 ac
525 2495 681 2574 versandi,
719 2522 811 2585 quem
832 2521 903 2564 cum
930 2497 997 2568 allis
1021 2501 1167 2569 omnibus
1193 2508 1262 2573 eius
1289 2503 1410 2592 generis

293 2585 299 2598 “
322 2611 328 2622 ·
344 2581 501 2657 Vossiauis
514 2581 701 2654 Academiae
718 2587 1036 2668 bugnano-uanum
1051 2591 1221 2658 Curatores
1233 2583 1427 2691 Amplissiml·

305 2685 308 2694 '
342 2669 488 2738 'maximis
509 2667 643 2753 inpensis
666 2689 702 2732 ac
724 2663 870 2734 sumtibus
890 2669 1095 2737 bibliothecae
1116 2677 1258 2764 publicae
1283 2675 1409 2740 vindica·

346 2749 470 2831 verant,
493 2755 682 2818 humanitate
697 2755 822 2819 tandein
837 2775 873 2818 ac
886 2754 1041 2821 beneficio
1057 2751 1213 2828 Wolserdi
1228 2750 1410 2843 Sengucrdll

346 2852 379 2907 et
403 2839 511 2915 Jacohi
532 2835 689 2913 Gronouii
712 2841 779 2903 voti
803 2858 937 2923 compos
957 2841 1056 2907 fastus
1077 2843 1110 2906 in
1129 2847 1232 2927 capite
1250 2842 1318 2910 eius
1337 2845 1410 2908 haec

344 2937 446 2992 manu·
458 2921 557 2992 Vossti
579 2925 725 2988 adnotata
747 2923 868 3006 reperi,
889 2927 993 2990 Multa
1008 2929 1040 2991 iii
1059 2928 1140 2994 Silio
1158 2932 1321 3017 castigato,
1341 2928 1411 3015 ojic-

344 3004 479 3094 riscoqitr
494 3016 611 3084 miodo,
632 3017 660 3072 es
678 3018 823 3091 excerpta
838 3029 879 3073 ex
891 3007 1079 3165 Illussrp'pimt'
1092 3015 1250 3096 Scaligert'
1264 3013 1411 3094 exemplo·

1019 3113 1071 3168 um
1085 3112 1189 3164 autem
1210 3093 1289 3166 baec
1309 3096 1410 3164 omnia

344 3175 574 3263 descripsissem,
606 3178 736 3242 domuin
750 3180 854 3243 redux
880 3179 978 3245 statim
998 3183 1036 3245 de
1059 3181 1206 3259 rehendi,
1241 3207 1298 3258 ea,
1336 3200 1421 3267 quae,

1026 3202 1058 3331 [p
1066 3255 1229 3353 scaligero
1255 3266 1412 3334 tribuenda

306 3405 311 3416 .
344 3348 424 3426 esse,
448 3367 516 3432 nou
535 3367 612 3414 vero
637 3349 676 3415 N.
690 3341 836 3424 Heinsio,
868 3335 937 3432 qui,
961 3349 1158 3451 quodetiam
1182 3352 1309 3422 Vossius
1329 3351 1410 3440 fecit,

343 3453 422 3520 quae
437 3429 576 3517 Scaliger
593 3434 634 3510 ¹ad
649 3449 738 3497 oram
751 3431 994 3520 sui'exemplans
1014 3433 1106 3501 adseri
1130 3437 1224 3514 serat',
1250 3433 1300 3501 sua
1312 3429 1410 3532 ”ab

256 3535 260 3546 ’
342 3515 550 3606 excerpserat:
574 3536 668 3604 quare
687 3517 793 3604 passim
808 3521 842 3583 in
860 3517 945 3585 notis
962 3527 1038 3604 uer‘o
1055 3542 1093 3588 au
1126 3519 1175 3587 ori
1188 3515 1352 3587 recitate*

455 3689 558 3773 Atque
585 3686 662 3750 haec
681 3681 780 3752 ferme
800 3681 883 3768 sunt,
913 3710 991 3775 quae
1014 3690 1154 3770 adhunc
1169 3691 1254 3759 diern
1275 3689 1412 3759 virorum

247 3807 250 3824 ·
342 3766 510 3839 dostorum
526 3769 633 3838 labore
652 3783 685 3837 et
699 3771 842 3838 industria
857 3777 888 3839 in
901 3773 979 3844 Silio
994 3775 1061 3842 asta
1074 3773 1159 3843 sunt:
1181 3790 1213 3844 vt
1227 3800 1316 3855 vero,
1356 3795 1412 3841 uae

334 3857 467 3926 restant.
495 3858 704 3932 absoluturus,
736 3860 901 3926 videndum
917 3879 1000 3925 nunc
1024 3862 1183 3946 superest„
1197 3866 1272 3946 quid
1298 3798 1360 3946 ipse
1381 3859 1413 3924 ln

279 3991 284 4008 ‚
341 3945 399 4008 hac
420 3939 558 4008 editione
576 3942 716 4025 praestiti.
760 3944 839 4010 Cum
859 3943 968 4011 Petrus
988 3949 1181 4011 Burmannus
1200 3965 1332 4016 munere
1400 3979 1411 3995 ·

341 4025 400 4109 tris
415 4022 520 4095 Caroli
535 4023 653 4104 Crucii,
677 4026 818 4095 Consulis
834 4031 1145 4112 Lugduno-Bataui,
1167 4034 1302 4096 ineditas

342 4111 383 4176 lai
401 4109 517 4179 Heiusii
538 4109 569 4174 ln
589 4124 715 4195 poetam
736 4113 873 4177 nostriani
889 4129 982 4179 notas
1002 4115 1185 4200 poffideret,
1209 4131 1308 4199 quas,
1383 4136 1412 4177 e·

1359 4281 1413 4353 soli
