2867 5059
236 397 240 402 ⁵
300 425 365 493 xn
527 437 586 450 ⁴·
661 403 1022 487 'conmentario

300 599 502 684 Pelignomm
526 595 557 658 ui
582 593 666 660 Italia
688 598 763 660 vrbe
783 600 939 680 principe,
972 598 1108 662 eliciunt.
1120 598 1154 679 τ)
1197 597 1320 664 Voffius
1341 591 1392 665 at¹

271 707 277 716 ’
299 686 498 766 Dausqueius
513 684 545 744 in
559 684 666 762 primis
684 684 808 745 iliorum
820 695 1037 752 numerantur.
1080 684 1137 747 lste
1159 697 1221 746 tam
1240 687 1278 747 de
1294 688 1380 749 Poe«

297 773 352 842 tis;
373 789 464 851 quam
480 769 519 830 dc
532 767 695 832 Historicis
711 770 830 833 Latinis
850 769 984 846 (namin
1001 769 1115 831 horum
1135 770 1244 844 etiam,
1267 789 1371 852 quam·
1399 769 1404 778 ’

296 855 347 918 vis
365 865 508 935 poetam,
530 851 653 914 censeam
665 853 780 936 refert)
796 854 826 915 id
841 854 923 922 clare
937 853 1111 936 profitetur,
1135 856 1266 937 gemino
1281 874 1369 936 argu·

238 949 247 978 '
295 953 405 1003 mento
426 935 587 1010 inductus,
611 949 690 1019 quae
704 951 867 1019 antequam
881 938 1085 1019 dispiciamus,
1107 940 1144 1000 de
1166 938 1297 1014 Corfinii
1314 959 1370 1002 no-

295 1026 381 1086 mine
403 1042 493 1086 nouo
522 1022 636 1102 aliquid
657 1022 856 1086 adferendum
881 1024 932 1085 eii.
987 1025 1083 1100 Quod
1107 1023 1196 1105 saepe
1212 1024 1249 1086 ab
1264 1025 1369 1088 Italiae

293 1105 421 1191 pop'uiis
433 1106 618 1189 postulatum
636 1106 746 1178 fuerat,
768 1120 801 1171 vt
815 1109 846 1169 iu
865 1110 998 1170 ciuitatis
1014 1093 1172 1173 Romanae
1190 1108 1370 1172 societatem

293 1193 524 1274 reciperentur3
544 1191 664 1273 saepius
678 1204 782 1255 autem
797 1193 834 1253 ab
850 1194 1000 1256 Romanis
1020 1193 1224 1276 abnegatum:
1247 1194 1279 1256 id
1295 1194 1368 1260 Scx.

292 1278 376 1352 Juiio
391 1277 517 1341 Caesare
528 1286 564 1368 pt
574 1278 610 1340 L.
621 1279 740 1340 Marcio
759 1277 902 1358 Phiiippo
918 1277 1027 1342 COSS.
1043 1278 1074 1339 in
1087 1278 1369 1341 bcilcamiunestum
1411 1289 1418 1306 ’

227 1435 231 1448 ‚
276 1364 407 1444 erupit,
430 1362 515 1446 quod
530 1359 697 1444 Marstcum
719 1357 887 1437 dicebatur,
901 1363 981 1444 ,quia
996 1361 1086 1426 Marii
1107 1363 1215 1445 populi
1231 1383 1302 1426 cum
1318 1365 1366 1428 Pi-

292 1448 435 1510 centibus
455 1457 488 1511 et
507 1447 644 1528 Pelignis
672 1449 830 1529 praecipui
851 1457 885 1510 ct
902 1448 995 1529 primi
1021 1446 1167 1512 aufflires
1179 1460 1298 1524 cram:
1333 1460 1368 1513 et

291 1531 423 1608 Sociale,
446 1533 535 1614 quia,
557 1532 609 1613 qui
628 1533 761 1595 Rumam
777 1533 999 1616 inpugnabant,
1020 1527 1176 1595 sacietatis
1194 1532 1307 1595 foedus
1319 1533 1365 1594 in·
1402 1601 1408 1608 ,

290 1628 340 1684 ber
356 1617 386 1679 se
402 1617 552 1680 inierant:
587 1625 620 1679 et
638 1617 801 1691 Italicum,
825 1619 896 1699 quia
916 1616 1053 1680 uniuersa
1068 1617 1153 1682 Italia
1172 1629 1281 1681 contra
1301 1619 1366 1680 uo-

289 1723 373 1765 mam
388 1723 471 1764 anna
485 1710 618 1783 ceperat.
659 1703 724 1778 Qui
737 1704 840 1784 itaque
856 1721 873 1762 a
886 1702 1006 1767 Romae
1020 1704 1213 1765 commercio
1227 1701 1364 1765 seceffio·

287 1808 364 1854 nem
382 1787 531 1861 fecerant,
552 1783 725 1856 Corfinium
741 1787 914 1868 elegerunt,
935 1786 1019 1868 quod
1037 1800 1131 1868 caput
1144 1788 1303 1860 Italorum,
1313 1786 1364 1848 ab·

194 1875 199 1886 “
289 1875 389 1935 dicata
404 1874 522 1953 Roma,
553 1868 644 1943 effer,
678 1872 728 1933 cui
753 1891 869 1934 nomen
894 1873 1021 1935 Italicae
1034 1871 1202 1954 inpositum
1225 1872 1364 1936 voluere.

139 1963 145 1972 “
169 1976 174 1988 “
288 1958 401 2036 Strabo
417 1957 467 2019 lib.
477 1955 515 2021 V.
535 1977 565 2037 p.
580 1957 646 2030 167.
665 1954 838 2036 Κορφίνιον,
854 1955 909 2034 τήν
925 1959 984 2018 τῶν
1001 1955 1158 2028 Πελιγνῶν
1171 1959 1363 2039 μητρόπολιν,

287 2043 387 2122 κοινήν
404 2039 497 2102 ἅπασι
516 2045 581 2107 τεῒν
593 2038 774 2107 Ἰταλιώταις
790 2037 1003 2110 αόοδείέαιτες
1017 2040 1122 2114 πόλιν,
1145 2039 1210 2102 cirri
1225 2042 1279 2121 τῆς
1294 2040 1364 2102 Ῥώ-

286 2149 355 2204 μης,
378 2121 552 2204 ὁρμητήριον
572 2125 610 2184 rai
630 2124 759 2198 τολέμε,
781 2122 1062 2198 μετονομασθεῖσαν
1078 2123 1244 2202 Ἰταλικοίν,
1267 2123 1326 2187 Car
1351 2166 1362 2178 .

251 2237 268 2260 ι
285 2214 381 2284 niara,
402 2209 606 2288 Peliguorum
620 2215 731 2288 caput,
752 2227 934 2271 camuranam
954 2207 1094 2270 omibus
1105 2208 1207 2272 Italis.
1228 2207 1291 2271 Ιοοο
1350 2251 1362 2263 .

284 2313 371 2361 mue.
394 2293 499 2356 vrbem
520 2291 773 2375 dcstgnauerunt,
798 2291 924 2375 bellique
943 2311 1063 2366 arcam,
1098 2302 1127 2356 et
1151 2292 1376 2359 ITALICAE·

285 2399 392 2441 nomeu
408 2378 596 2441 indiderunt.
640 2379 765 2442 Praeter
778 2378 860 2444 hum
882 2392 915 2448 et
928 2375 1083 2444 Velleium
1098 2375 1300 2453 Paterculum,
1320 2382 1361 2443 de
1415 2428 1420 2450 ,

284 2483 349 2549 quo
364 2464 469 2546 postea
485 2465 634 2541 dicemus,
657 2481 724 2525 non
743 2461 902 2539 habemus,
926 2464 979 2547 qui
998 2463 1090 2527 huius
1112 2482 1215 2530 nouae
1229 2464 1361 2554 adpelle·
1418 2483 1419 2486 ’

283 2552 382 2616 tionis
404 2551 599 2618 mentionem
619 2548 759 2611 fecerint
773 2546 807 2628 ⁸)

397 2664 534 2728 Primum
552 2659 650 2732 ilossri
665 2673 883 2740 argumentum
898 2657 941 2721 est
957 2658 1050 2732 idem,
1072 2661 1158 2742 quod
1171 2659 1260 2742 supra
1275 2663 1362 2725 adtu-

281 2747 394 2816 limus,
419 2746 455 2809 ab
470 2747 632 2828 Hispanica
655 2745 730 2808 vrbe
752 2745 825 2808 Itali
843 2741 938 2892 ragam
960 2742 1189 2826 potius,'quam
1210 2745 1363 2822 Italicam,

284 2835 450 2898 dicendum
465 2829 570 2905 suiss'e,
591 2831 675 2913 quud
695 2830 816 2893 Gellius
827 2764 862 2890 bi
896 2828 1009 2890 oloco
1024 2825 1199 2916 Italicenses
1219 2833 1287 2894 eius
1307 2853 1361 2895 co·

247 2921 250 2932 '
285 2920 382 2981 ionos
403 2917 578 2999 adpellaret.
622 2913 713 2980 Salua
733 2915 812 2977 tanti
833 2914 889 2974 viri
909 2912 1091 2977 auctoritate
1111 2915 1245 2991 inuecti,
1274 2917 1362 3000 quod

283 3005 416 3076 obiicit,
441 3013 472 3070 et
495 3001 532 3062 ab
557 3001 651 3066 altera
671 2999 766 3077 etiam
785 3009 871 3081 parta
896 2997 1030 3080 usurpari
1051 2998 1137 3080 poffc
1154 3001 1283 3064 ridetur.
1326 3002 1362 3069 Si

283 3091 368 3168 'enim
387 3085 424 3149 ab
446 3087 557 3150 Italica
568 3084 731 3168 Hispaniae
747 3104 813 3148 non
831 3085 904 3146 licet
918 3085 1044 3148 Italicas
1062 3083 1210 3158 formare,
1229 3085 1279 3148 sed
1294 3095 1361 3150 tan·

282 3174 448 3238 tummodo
471 3169 657 3254 Itaiiceufi55
680 3188 740 3250 qua
755 3170 826 3250 lege
845 3169 1045 3237 coustitutum
1062 3169 1121 3242 est,
1144 3181 1176 3232 vt
1197 3171 1234 3233 ab
1249 3171 1363 3234 Italica

148 3283 155 3300 ·
235 3252 238 3258 ’
281 3259 405 3327 ltaliae,
428 3259 513 3339 quod
529 3258 619 3340 plane
640 3256 725 3317 idem
743 3273 859 3317 numen
876 3253 934 3326 est,
958 3253 1211 3336 nonItaliceusts,
1233 3255 1361 3342 sedita-

282 3345 358 3408 licus
378 3343 543 3404 dicamus?
577 3351 629 3405 aut
649 3338 815 3403 fialterum
841 3339 879 3405 de
901 3339 1105 3421 Pelignorum
1133 3340 1206 3404 vrbe
1224 3360 1296 3404 non
1313 3345 1362 3414 ia·

282 3429 479 3512 probandum
495 3427 547 3500 est,
569 3445 623 3488 cur
643 3425 803 3500 nunidem
825 3424 916 3486 liceat
931 3425 969 3484 de
984 3424 1057 3486 vrbe
1071 3425 1301 3492 Baeticorum?¹
1317 3425 1363 3492 At

247 3535 250 3544 ’
281 3515 366 3577 vsum
383 3516 424 3575 ita
445 3512 526 3574 serre
549 3509 709 3593 inquiunt,
735 3511 787 3592 qui
808 3508 900 3572 instar
917 3507 997 3590 legis
1021 3508 1058 3570 ab
1073 3510 1220 3573 omnibus
1238 3505 1361 3575 censea-

281 3612 342 3662 tur.
387 3597 440 3665 Est
458 3598 515 3666 ita,
541 3609 572 3658 vt
588 3617 603 3654 u
622 3595 746 3658 Baetica
765 3594 839 3656 vrbe
862 3591 1028 3741 Italicrrlfis
1051 3606 1083 3657 et
1104 3596 1225 3659 Gellius
1240 3598 1305 3660 ai.
1329 3609 1363 3661 et

281 3682 398 3748 autbor
412 3682 483 3748 belli
501 3674 709 3766 Hispurueufis
730 3691 763 3742 et
788 3678 944 3748 Africani,
973 3700 1038 3746 ¹rue
1057 3680 1177 3745 Hirtius
1198 3681 1273 3755 fuit,
1296 3680 1362 3746 siue

128 3783 135 3794 “
196 3815 202 3824 -
280 3770 421 3849 Opp'um,
444 3768 528 3850 quod
547 3764 663 3828 malunt
676 3765 747 3836 alii;
771 3776 803 3826 et
816 3765 934 3826 laudata
951 3764 1149 3862 inscriptione
1164 3764 1218 3847 ipsa
1232 3769 1363 3850 prouin.

280 3853 375 3916 ciales
400 3854 588 3920 deriuarint:
613 3865 653 3911 an
667 3868 746 3914 vero
764 3848 956 3931 prohibitum
974 3850 1069 3916 suern
1084 3850 1231 3927 alterum,
1260 3853 1291 3914 id
1299 3854 1363 3999 lpri·

1323 3957 1363 4001 us

206 4121 215 4132 ,
278 4082 384 4131 Romae
405 4089 498 4127 natum
514 4076 606 4133 tradat.
624 4070 666 4128 cf.
683 4076 792 4127 Gruuer.
887 4068 920 4139 ⁸)
938 4072 1041 4123 Mentio
1056 4072 1112 4123 eius
1127 4072 1206 4123 etiam
1222 4073 1251 4130 fir
1264 4075 1290 4127 in
1302 4077 1366 4130 Dio·

209 4209 213 4216 ¹
282 4148 494 4202 :uvicionic-
851 4142 907 4193 dori
923 4144 1049 4209 Excerpris
1072 4144 1226 4196 LXXXVH.
1243 4163 1283 4204 au.
1300 4152 1368 4201 Pbo-

359 4255 372 4282 ι
445 4227 451 4236 '
853 4214 1292 4288 tiumiussibliotb.p·b38·639·
1321 4218 1365 4276 Cf.
1404 4255 1414 4274 ι

311 4290 352 4364 J)
371 4286 414 4347 cf,
429 4288 460 4343 ιὰ
477 4288 521 4344 su.
530 4287 599 4349 vui,
607 4295 667 4355 520.
852 4285 940 4354 Sigan.
955 4284 1295 4355 determinarentur.
