2867 5059
189 471 197 486 ι
248 452 314 505 uu
340 431 609 505 snutr'vr'ra
636 439 697 504 mr
725 445 955 552 casurum
1042 439 1145 518 11th

213 550 223 583 s
1176 573 1180 582 ,

96 613 202 690 dubito,
220 611 242 678 si
261 617 332 699 quis
350 617 520 681 etiamnum
535 615 643 679 eadem
664 613 892 700 bellaingenio
911 615 1042 699 poetico
1067 618 1145 684 iudi·

98 703 185 782 rioque
198 698 274 762 bene
288 700 416 767 subatilo
431 699 565 766 versibus
582 701 773 782 exponenda·
783 700 954 783 susciperer,
968 705 1042 787 quin
1056 707 1145 770 mults
1206 733 1222 750 ⁸·

96 805 169 848 num
194 785 352 850 eiusmodi
382 805 506 850 carmen
531 804 651 868 rnagno
673 803 806 850 numero
823 785 961 863 seruum,
988 807 1070 870 quos
1086 791 1144 854 bo·
1185 831 1191 836 -

98 869 172 934 dierni
190 867 417 935 uerfificatores
442 879 663 953 procrearunt,
692 889 815 933 mecum
829 871 1025 936 redimerent.
1080 873 1144 940 sed

100 952 229 1017 dfficultas
243 954 411 1030 huiusrei
433 957 525 1041 quam
538 955 657 1037 aliquot
673 951 784 1016 abhinc
797 957 886 1018 annis
898 955 1041 1039 aliquem,
1053 959 1144 1023 muna

95 1055 186 1102 nomen
206 1059 245 1101 ex
258 1041 369 1103 animo
386 1059 461 1104 meo
483 1038 618 1114 effluxit,
648 1038 730 1101 haud
751 1039 916 1106 infeliciter
934 1043 1062 1124 adgredi
1079 1063 1145 1106 me·

97 1124 168 1198 nini,
196 1123 295 1187 adbuc
321 1135 435 1209 poetas
454 1125 579 1194 nostros
604 1122 641 1185 ab
661 1124 818 1187 eiusmodi
841 1135 956 1190 conatu
975 1126 1144 1194 abstemie
1265 1179 1272 1188 .

94 1206 315 1274 suestantiliima
334 1221 444 1273 contra
459 1209 676 1274 Rornanorum
696 1207 823 1291 ingenia
838 1208 876 1271 ab
897 1211 984 1274 omns
999 1221 1144 1296 tempore

97 1291 121 1358 se
129 1309 319 1358 exercuerunt
334 1293 366 1357 in
379 1293 546 1357 scribendis
558 1291 746 1356 carminibus
760 1291 930 1358 historicis:
950 1313 1030 1378 quae
1044 1293 1066 1360 ti
1078 1309 1144 1362 tam

96 1395 178 1460 parum
190 1378 302 1441 idonea
326 1377 425 1443 essent
435 1380 475 1441 ad
491 1389 611 1443 mentes
627 1378 831 1442 admiratione
847 1398 912 1443 non
925 1377 989 1444 fine
1001 1383 1053 1445 vol
1098 1395 1143 1447 ta·

95 1471 121 1525 te
132 1463 277 1536 tenendas,
303 1461 435 1526 ridicula
451 1463 595 1546 prosetiu
613 1473 646 1527 et
662 1461 763 1526 inanis
777 1463 902 1528 illorum
918 1482 1015 1549 opera
1066 1467 1073 1483 '
1098 1477 1144 1533 et,

94 1545 191 1611 Homm
204 1557 374 1628 poetarum
397 1567 492 1632 quum
511 1548 586 1612 nulli
606 1546 690 1623 sere,
723 1561 847 1631 praeter
867 1548 977 1614 Silium
993 1563 1026 1616 et
1043 1553 1141 1617 Luca·

98 1651 168 1705 mm,
184 1632 366 1713 prodolorl
390 1633 505 1716 integri
525 1629 687 1717 supersunt,
720 1651 822 1716 neque
842 1634 881 1696 ils
902 1633 1015 1699 similes
1038 1636 1142 1722 notin
1249 1669 1256 1678 -

97 1727 161 1778 aetas
177 1717 290 1782 tulerit:
331 1737 398 1782 non
425 1718 537 1781 melius
560 1735 672 1780 eorum
695 1716 831 1799 dignitas
854 1717 1003 1782 aestimari
1026 1719 1141 1804 poseat,

98 1819 167 1950 luem
177 1800 197 1864 st
208 1821 407 1902 qiperamus,
429 1802 501 1886 quid
517 1799 651 1867 Romani
667 1801 705 1863 de
721 1802 759 1864 iis
774 1801 985 1877 itrdicauerint,
1005 1805 1142 1888 quidque
1257 1819 1263 1824 '

97 1885 130 1946 i'
154 1885 296 1952 statuerint
324 1887 428 1970 pretii.
480 1887 510 1950 A
544 1893 584 1949 ue
604 1887 671 1948 eius
692 1887 737 1948 rei
753 1886 976 1951 documentum
1002 1886 1072 1952 satia
1093 1891 1140 1953 in·
1241 1879 1249 1906 ‘

97 1967 161 2052 igne
173 1970 314 2036 babemus
337 1975 370 2036 in
382 1970 508 2044 Ennio,
529 1972 581 2055 qui
598 1972 717 2053 primus
730 1987 841 2033 eorum
855 1971 1055 2036 hexametros
1071 1993 1139 2037 ver·

97 2047 322 2138 uconposuit.
378 2059 409 2121 Is
437 2059 619 2139 quamqudm
638 2068 817 2137 temporum
834 2056 911 2120 vitio
932 2057 1040 2120 durior
1061 2069 1139 2133 erat,

41 2213 43 2222 y
98 2139 206 2205 etmuta
222 2139 435 2205 obcurrebant
453 2141 486 2203 in
499 2140 798 2215 ‘eiua-carminibus,
829 2157 908 2223 quae
924 2141 1075 2226 Augustei
1095 2139 1138 2207 se·

100 2226 143 2287 culi
154 2226 240 2290 cultus
259 2237 293 2292 et
313 2225 471 2308 elegantia
491 2224 666 2312 respuebat,
689 2234 794 2289 tamen
811 2227 891 2287 ouer
903 2226 1055 2290 Homerus
1072 2227 1139 2291 Ho-
1247 2241 1249 2246 '

100 2307 287 2384 reinduitur,
316 2323 350 2374 et
366 2332 384 2372 a
398 2312 552 2377 Cicerone
565 2311 693 2392 aliisque
711 2306 816 2392 parlim
831 2308 1018 2393 amplissimis
1034 2311 1138 2376 verbis

99 2405 201 2459 ornatur.
240 2395 384 2477 Reliquis
396 2394 602 2478 'eius-scriptia
624 2394 722 2476 longe
742 2395 932 2476 praestabant
945 2395 1051 2464 XVIII
1068 2397 1138 2461 lita

97 2481 227 2544 tudun
244 2482 344 2545 Rom.
364 2481 418 2563 qui
444 2479 480 2542 ad
501 2479 651 2563 populum
669 2479 701 2541 in
726 2479 932 2564 theatro',⁴⁸)
963 2494 996 2545 et
1012 2479 1139 2565 Virgilii
1199 2499 1226 2520 κ’
1270 2485 1272 2496 ’

41 2599 43 2606 >
98 2563 167 2663 adhuc
191 2564 387 2666 temporibus
413 2575 475 2628 tam
503 2565 614 2647 cupide
638 2561 682 2664 ab·
698 2563 845 2664 omnibus
870 2562 1070 2666 legebantur,
1103 2575 1137 2641 vt

97 2649 232 2712 Aeneidem
250 2672 292 2714 us
323 2649 554 2714 anteferendam
575 2645 636 2714 effe
653 2669 704 2714 vix
719 2668 753 2712 rn
773 2660 911 2713 mentem
931 2661 1050 2716 veniret
1071 2652 1159 2715 cul·

137 2734 208 2799 Qu

96 2752 136 2816 qm
178 2736 262 2924 erae
286 2865 389 2930 quum
410 2843 453 2914 lta
477 2843 552 2921 sint,
589 2864 644 2909 eur
662 2829 742 2913 Silio
763 2842 794 2908 id
817 2845 939 2910 crimini
966 2856 1135 2924 venamur,

104 2928 156 3008 pud
166 2927 305 3014 sequutus
320 2930 356 2994 lit
371 2930 513 3014 exempla
528 2949 638 2994 eorum
653 2944 827 3014 poetarum,
850 2950 984 3015 quorum
997 2930 1135 2998 lestione

100 3014 227 3093 populares
253 3016 333 3080 suos
352 3027 515 3099 tantopere
535 3013 680 3080 delestari
702 3012 845 3080 videret?
894 3016 1009 3081 Nonne
1028 3020 1135 3099 potius
1236 3063 1245 3078 ,

101 3114 146 3159 eum
159 3101 267 3165 iudicio
285 3100 386 3185 egilis
407 3097 575 3163 censendus
603 3099 664 3174 est,
695 3118 791 3182 quum
810 3110 894 3164 aetas
910 3101 960 3164 sua
985 3101 1137 3167 incideret
1155 3123 1159 3136 ’

41 3191 43 3200 “
100 3180 159 3280 iura
177 3199 338 3268 tempora,
377 3185 488 3268 quibus
506 3185 707 3285 ‘Graecorum‘
722 3185 1001 3269 Romanorumque
1021 3199 1136 3287 poetae
1243 3223 1247 3234 ·

99 3282 173 3330 unua
189 3270 271 3348 sere,
282 3325 287 3330 .
300 3290 382 3354 quae
400 3268 448 3335 vel
463 3289 560 3352 epicis
582 3266 786 3344 cprmrnrbus,
817 3267 866 3332 vel
885 3274 1058 3354 tragoedus
1080 3290 1134 3334 co·

99 3354 255 3438 nudusque
275 3355 438 3434 materiam
466 3351 537 3419 satis
556 3355 682 3436 dIgnam
700 3352 847 3418 subiicere
867 3367 1029 3436 poteraut,
1062 3375 1090 3420 v.
1104 3375 1135 3418 c.
1228 3401 1230 3406 >
1336 3392 1338 3398 ·

99 3432 232 3510 Troianum
254 3431 503 3522 Thebanumqlae
520 3435 643 3514 bellurn,
664 3447 786 3522 pugnas
800 3437 968 3522 Gigantum
985 3440 1034 3504 vel
1049 3441 1141 3506 'sita-i
1211 3487 1213 3496 ,

100 3535 160 3595 un,
182 3523 230 3595 sale
245 3524 365 3600 Nisae,
388 3543 500 3608 resque
518 3544 536 3585 a
555 3522 692 3599 Theseo,
722 3523 873 3598 Hercule,
902 3523 1134 3599 Amazonibus,
1248 3551 1262 3608 χ

98 3601 251 3685 Argonautis
278 3621 317 3674 et
344 3619 394 3673 tot
418 3611 484 3673 aliis
509 3607 657 3673 heroibus
686 3608 804 3690 gestas,
836 3604 952 3673 summa
977 3607 1037 3672 iam
1068 3619 1133 3674 arte

97 3688 285 3759 uastauerant?
332 3694 405 3776 Hac
418 3695 521 3777 itaque
542 3692 591 3758 via
611 3695 640 3756 ei
659 3691 741 3774 quast
761 3691 934 3777 praeclusa,
962 3690 1054 3760 satius
1076 3691 1134 3778 ipsa

97 3770 233 3854 ridebatur,
261 3780 356 3844 aliam
373 3779 511 3862 ingredi,
544 3793 622 3861 quae
645 3775 813 3862 largiorem
832 3778 930 3841 laudIs
950 3797 1131 3864 comparan-

97 3851 136 3919 dae
150 3861 262 3934 messem
277 3866 479 3948 promitteret
487 3906 497 3939 ,
526 3877 559 3928 et
572 3864 718 3945 exemplo
731 3874 900 3946 ,poetarum
916 3862 1132 3930 Romanorum

98 3958 275 4023 egumenum
296 3949 464 4024 carminis,
498 3967 537 4011 ex
558 3947 655 4029 patria
675 3947 800 4012 historia
823 3947 971 4030 petitum,
1000 3943 1130 4014 ciicum·
1222 3953 1223 3956 ’
1259 4011 1261 4014 .

96 4020 197 4128 illisit,
217 4036 300 4116 quod
314 4035 355 4096 ad
379 4035 500 4097 animoa
516 4032 712 4114 popularium
731 4032 871 4114 Inprimis
890 4037 1080 4109 mouendus,
1099 4042 1132 4098 et
1229 4063 1233 4070 ·

96 4110 269 4195 ¹inuitatione,
290 4117 427 4184 sensibus
446 4115 607 4203 generosis
623 4117 778 4200 variisque
791 4113 967 4186 ,adtettibna
989 4117 1129 4183 imbuen.

118 4275 141 4313 ω
343 4269 349 4282 ,
598 4295 605 4302 ¹
1068 4202 1129 4266 doe

41 4359 43 4424 ?
117 4280 648 4424 “lstfrlll'rllll'uimetvtuunucu
693 4440 694 4446 ἵ
