2867 5059
250 429 321 483 nn
347 426 464 482 sisu
495 426 615 484 vara
640 425 702 482 nr
727 425 959 500 ananius.
1072 425 1155 492 xm

71 595 122 660 lrns
135 597 317 679 exemplis,
339 615 419 677 quie
437 609 548 661 contra
564 593 649 668 lunt,
676 611 742 658 nun
762 592 871 657 sufficit
888 591 1060 660 ostendisse.
1104 598 1155 662 Do

70 683 271 764 Pelignornm
292 693 401 744 autern
423 682 496 744 vrbe
520 681 622 744 nullus
642 677 728 752 ulus,
759 679 877 742 nullutn
901 681 1080 762 exemplum
1099 683 1151 744 ad·

66 768 131 830 ferri
150 767 279 849 potest,
317 779 421 828 utrum
436 768 587 835 Italicus.
621 784 661 826 an
681 765 849 846 Ituliceutis
875 785 913 826 ex
932 785 968 826 ea
994 766 1152 832 deflexum

67 853 167 915 luerit:
193 867 229 914 et
252 849 278 913 fi
298 851 342 912 de
361 853 485 915 Baetica
507 849 672 933 probatum
694 848 766 914 satis
785 848 844 916 est.
872 848 1045 934 Italicenses
1066 850 1151 928 suus,

71 955 127 999 noa
142 937 279 1001 Italicos
296 934 480 1017 adpellulie3
516 937 599 998 idem
612 936 706 1000 etiarn
727 936 764 995 de
781 936 908 1013 Peligna
926 935 998 998 vrbe
1015 936 1150 1013 facilius,

71 1041 146 1104 qaam
161 1024 303 1085 alteram
322 1021 477 1096 lunmm,
497 1022 642 1096 Italicus,
662 1019 856 1080 crediderim.

166 1107 304 1172 Deinde
337 1119 466 1186 urgetur
484 1126 502 1166 a
521 1107 648 1169 laudato
668 1102 796 1174 Venio,
825 1102 854 1186 fl
873 1097 1031 1182 llilpunas
1041 1099 1151 1189 surffit

66 1191 163 1262 Silius,
183 1210 253 1253 noa
275 1189 340 1256 troc
357 1209 414 1251 arus
431 1193 582 1271 ignorare
597 1185 712 1274 stuiffet
729 1185 889 1270 llijpaaas
907 1191 1082 1262 illartr'ur'r's,
1096 1189 1151 1282 qui

58 1271 175 1356 saepias
193 1275 246 1338 ud
266 1296 339 1339 rum
351 1271 484 1355 scribit,
512 1285 546 1338 ut
564 1276 762 1356 perniniciem.
807 1274 879 1336 Nor
902 1271 957 1336 loc
976 1280 1150 1358 reticuisset,

65 1363 137 1443 por
157 1360 204 1423 nd
223 1356 408 1442 ffispuniar
421 1355 500 1441 suaa
525 1360 614 1424 decus
642 1373 831 1440 magnopere
852 1363 1032 1439 pertineret.
1082 1363 1148 1427 Vti-

65 1464 116 1527 que
129 1447 292 1521 latemur,
318 1464 387 1507 nnn
402 1445 514 1508 leuiter
533 1446 595 1508 huc
614 1458 811 1526 argumentor
822 1441 962 1526 probari,
991 1447 1024 1509 in
1044 1445 1149 1530 llilpa·

64 1533 109 1593 nia
127 1549 192 1593 nnn
206 1543 326 1595 natum
338 1530 451 1595 Silium
468 1530 606 1594 nostrum
622 1526 730 1593 luille:
753 1541 785 1592 et
807 1529 961 1594 credimus
977 1529 1043 1614 ipsi,
1069 1534 1149 1596 llar-

64 1617 175 1690 tialem,
197 1629 253 1679 tot
274 1615 392 1681 Italico
415 1617 637 1697 epigraminata
661 1614 894 1686 inscriberem,
917 1633 983 1678 non
1003 1618 1149 1698 praeteri·

65 1713 159 1764 turum
171 1699 280 1773 fuil'le,
327 1700 395 1763 uod
415 1698 470 1763 fibi
492 1713 525 1764 et
542 1700 612 1764 luae
626 1700 744 1781 patriae
763 1718 830 1761 nun
847 1699 1006 1780 vulgarem
1024 1702 1148 1766 laudern

65 1785 176 1848 adferre
194 1786 290 1868 pot'
321 1795 362 1847 et.
405 1785 480 1849 Nou
494 1798 597 1848 autem
615 1784 729 1847 exinde
745 1783 777 1844 id
798 1782 880 1864 sequi
893 1795 1048 1864 putamus,
1061 1785 1149 1866 quud

65 1870 245 1934 existimauit
259 1867 404 1943 Velius,
427 1870 591 1953 Pelignum
611 1865 698 1934 fuille
712 1866 862 1938 Italicum.
884 1870 955 1950 quia
973 1888 1039 1932 non
1055 1871 1148 1934 luerit

66 1954 220 2037 Hispanus.
267 1954 380 2019 Potuit
395 1955 479 2017 enim
500 1977 538 2017 ex
562 1953 734 2020 maioribus
755 1952 834 2024 ell'e,
855 1954 908 2032 qui
929 1949 965 2016 in‘
982 1953 1146 2038 Hispanica
1258 1957 1263 1972 ¹

66 2041 110 2103 illa
123 2039 198 2103 vrbe
213 2038 438 2114 habitauerint,
459 2038 523 2123 ipl'e
537 2038 621 2103 sorte
638 2040 670 2101 in
689 2037 803 2121 quouis
820 2037 926 2100 Italiae
941 2040 1035 2112 loco,
1058 2052 1146 2103 extra

53 2126 266 2208 ,Pelignorum
279 2121 413 2206 agrum,
433 2125 467 2186 in
479 2125 581 2188 lucem
595 2124 715 2188 editus:
742 2123 847 2204 potuit
860 2125 954 2187 etiarn
969 2126 1072 2189 Italici
1088 2144 1145 2188 no·

65 2231 128 2272 nen
141 2232 182 2273 ea
201 2208 276 2272 casu
297 2210 434 2290 quodam
460 2209 508 2273 vel
522 2210 577 2272 suo
594 2208 645 2274 vel
660 2207 979 2285 maiorumhabuill'e,
999 2223 1031 2276 vt
1045 2209 1144 2274 solen·
1230 2247 1241 2274 2

67 2316 100 2358 ne
116 2297 148 2358 in
172 2296 246 2357 aliis
267 2313 363 2375 quam
378 2294 518 2377 plurimis
533 2315 574 2357 cn
599 2292 758 2357 nomentis
780 2292 832 2356 est.
906 2311 908 2314 ’

156 2380 346 2446 Sententiae
361 2398 485 2461 quoque
500 2379 571 2442 clari
609 2391 734 2442 morunt
748 2379 888 2441 virorum
902 2391 1058 2464 repugnat
1071 2401 1144 2444 curn

67 2464 193 2528 brenitns
210 2465 299 2528 illius
313 2463 447 2530 Sociulis
465 2463 555 2540 belli,
577 2477 644 2529 tun
659 2463 877 2546 adpellutiouis
896 2482 1000 2528 nouae
1022 2468 1142 2541 raritas,

67 2569 136 2631 quae
147 2561 271 2614 tentata
283 2550 405 2631 potius,
422 2567 514 2631 quem
527 2547 708 2613 conseruata
725 2549 758 2612 in
773 2549 845 2611 vrbe
857 2550 1057 2631 Pelignorutn
1074 2551 1142 2615 luit.

67 2635 169 2700 serbo
199 2634 333 2716 quidem
356 2635 638 2709 μετονομασθεῖσαν
665 2637 712 2696 ita
732 2652 802 2696 vere
828 2633 1015 2716 adpellerent
1045 2637 1142 2701 dixit:

68 2720 145 2785 aliter
159 2719 310 2787 Velleius
325 2718 520 2793 Paterculus,
543 2719 597 2801 qui
614 2719 745 2801 propius
765 2739 817 2782 res
837 2717 957 2784 Italicas
974 2724 1142 2803 cognouit,

69 2824 150 2886 qnam
165 2802 356 2869 Amifienfis
372 2802 504 2878 Strab0,
527 2803 627 2867 homo
644 2801 815 2876 Afiaticus,
844 2806 986 2887 quamuis
1009 2807 1140 2889 diligen-

71 2890 187 2953 tiffimns
209 2893 245 2951 in
264 2888 381 2951 ceteris
403 2887 505 2952 rebus.
546 2889 577 2954 Is
598 2899 701 2954 autern
725 2888 775 2952 lib.
790 2889 828 2955 ΙΙ.
848 2891 933 2954 c.16.
958 2893 1018 2955 ait:
1043 2890 1142 2975 Caput
1182 2907 1186 2922 ·

78 2970 251 3055 inperiisui
270 2971 439 3121 Cffnium
455 2974 611 3055 legerant,
630 2973 713 3057 quod
734 2972 927 3055 adpellerent
946 2976 1094 3040 Italicum.
1106 2976 1141 3060 ⁹)

75 3059 161 3136 Quum
184 3061 267 3122 dicit
333 3056 502 3138 pellerent,
536 3068 686 3123 conatum
710 3072 743 3124 et
766 3059 958 3141 propositum
976 3060 1142 3143 fignificat,

71 3165 128 3207 non
138 3146 225 3228 quod
242 3145 277 3206 in
293 3143 378 3208 ulum
392 3143 467 3206 illud
481 3142 692 3210 transdustum
706 3159 928 3228 receptumque
943 3147 1047 3222 fuerit,
1056 3148 1142 3230 quod

69 3231 181 3311 pidem
192 3243 257 3313 nec
271 3225 379 3311 potuit
394 3227 494 3300 facile,
516 3227 539 3291 si
553 3229 681 3292 breuem
698 3248 821 3292 moram
835 3229 906 3294 belli
918 3231 970 3295 seu
989 3233 1141 3296 tumultus

69 3316 223 3378 laniemur.
277 3313 453 3394 Eutropius
472 3310 523 3376 lib.
533 3311 571 3380 V.
591 3333 618 3378 c.
632 3334 658 3379 2.
686 3313 916 3400 Quadriennio,
938 3317 1056 3400 inquit,
1086 3316 1141 3380 loc

70 3397 164 3462 Elam
176 3396 317 3462 trullum
329 3398 391 3484 est:
408 3398 515 3481 quinte
529 3396 647 3462 demum
669 3402 851 3485 annifinem
870 3399 1000 3482 adcepit.
1043 3403 1140 3479 Quod

71 3504 136 3567 ergo
159 3487 193 3547 in
209 3481 339 3547 tantillo
355 3481 453 3564 spatio
469 3494 620 3562 tentatum
642 3502 761 3547 nouum
782 3504 900 3549 nomen
919 3486 995 3560 suit,
1017 3488 1069 3548 vix
1092 3507 1139 3548 re·

73 3582 180 3652 aprum
206 3579 263 3631 eut
285 3567 338 3632 usu
361 3579 515 3632 retentum
539 3569 609 3650 post
633 3569 794 3636 vittorian
819 3571 956 3646 videtur,
987 3590 1083 3653 quum
1112 3572 1141 3635 is

71 3668 188 3718 euentus
208 3652 284 3716 belli
305 3647 400 3726 ellet,
422 3665 455 3716 vt
470 3653 614 3728 Rotnani,
633 3672 699 3716 non
712 3654 791 3729 Itali,
809 3653 910 3717 viciffe
931 3655 1137 3720 censerentur.

68 3738 136 3815 Quis
157 3757 241 3821 ergo
259 3736 423 3809 crederet,
455 3735 586 3801 inuisum
605 3736 775 3802 vilioribus
795 3737 915 3803 nemen*
934 3753 966 3803 et
988 3739 1026 3801 ad
1043 3740 1136 3822 igno·

66 3825 183 3887 niniam
210 3823 359 3894 illorum,
384 3822 513 3885 durante
542 3821 625 3884 bellu
644 3823 823 3898 inuentum,
854 3825 923 3907 post
940 3823 1137 3890 i'it'torianaa

64 3909 150 3972 riftis'
169 3907 391 3984 conseruatum
412 3906 498 3968 etin
520 3906 730 3989 posteritatem
749 3907 836 3972 suisse
859 3909 1029 3973 traditum?
1050 3927 1137 3993 prae·

65 3990 157 4058 lerum
169 4012 268 4077 quum
288 3991 411 4066 stfflmr
432 3992 574 4054 nondum
593 3990 685 4057 linito
697 3991 792 4076 bello,
815 3993 937 4057 desierit
957 3994 1017 4059 elle
1033 4009 1138 4141 rerum

108 4121 112 4126 v
747 4094 749 4098 ’
1062 4082 1139 4146 edes

110 4228 142 4303 ⁹)
159 4235 279 4292 Fuerunt,
297 4230 344 4301 qni
367 4230 478 4283 Italicam
497 4229 672 4291 ernendartut.
709 4231 758 4285 sul
782 4232 883 4306 vulgata
906 4231 982 4288 leals
1002 4251 1058 4290 non
1070 4234 1137 4290 lolli·

162 4303 265 4358 alands
281 4303 394 4356 tidaaur.
