2867 5059
2625 345 2657 371 N

529 480 535 489 ,
592 429 741 524 31„ss
844 465 851 471 .
1314 374 2080 530 *communiamus

621 620 752 674 non
789 596 1109 679 reperitur.
1194 587 1284 661 Vt
1311 596 1471 658 adeo
1519 588 1876 678 persuadeat
1906 592 2012 657 fibi
2049 591 2297 668 Iseliub,
2347 591 2448 658 vel
2475 589 2776 672 membra-

623 705 736 751 nas
784 682 919 745 ilias
986 681 1221 743 interea
1277 682 1582 762 temporis
1633 680 1896 744 scelestis
1936 677 2220 742 manibus
2268 678 2778 742 extbibliotheca

622 772 680 837 T
684 769 930 851 igurina
969 762 1314 846 subi-eptaS,
1360 777 1465 829 aut
1506 766 1567 827 in
1607 764 1871 829 latebras
1917 764 2268 827 infortunio
2294 762 2565 847 quodam
2600 775 2774 825 amo·-

623 866 717 920 tas
749 849 960 922 fuisse,
1008 849 1140 923 vel,
1179 869 1322 913 cum
1355 850 1416 912 id
1448 844 1532 912 ob
1572 848 1942 932 fingularem
1978 868 2234 921 eorum,
2280 849 2544 930 quorum
2589 868 2775 910 curae

622 941 777 1003 haec
819 932 1193 1003 bibliotheca
1226 932 1544 998 commissa
1571 935 1693 1009 est,
1736 934 2123 1016 diligentiam
2168 932 2340 995 nulio
2390 935 2584 996 modo
2617 932 2776 995 veri·
2821 957 2828 964 ·

544 1043 555 1055 ·
623 1021 816 1088 fimile
855 1020 1199 1093 videretur,
1261 1016 1517 1091 Silium,
1546 1035 1755 1101 ‘quem
1796 1018 1857 1081 se
1898 1018 2373 1100 manuscriptum
2421 1019 2644 1099 Tiguri
2685 1016 2776 1080 vi-

626 1104 810 1178 diffe,
840 1105 935 1167 ‘et
982 1102 1262 1166 manibus
1305 1095 1578 1169 traetass'e
1628 1100 1946 1178 credebat,
2009 1104 2072 1165 in
2133 1103 2404 1185 quodam
2450 1101 2778 1168 Heluetiae

627 1188 1040 1264 monasteriO,
1109 1187 1289 1251 cuius
1347 1208 1512 1251 nunc
1560 1188 1864 1251 memoria
1919 1207 2049 1251 non
2110 1187 2506 1261 occurrebat,
2554 1185 2780 1266 (plura

509 1343 515 1349 ,
629 1276 798 1339 enim
830 1274 998 1336 libris
1041 1271 1289 1335 vetustis
1340 1274 1809 1355 haudquaquam
1864 1272 2143 1338 destituta
2190 1275 2416 1333 eodem
2446 1272 2520 1334 in·
2551 1272 2818 1333 itinere*

626 1359 1120 1445 perlustrauerat)
1161 1356 1508 1421 adhucdum
1549 1359 1780 1431 latere3
1807 1356 1936 1419 -sed
1969 1358 2179 1429 euiuS,
2221 1354 2268 1418 fi
2294 1376 2478 1439 quam
2508 1357 2777 1418 maxime

631 1441 1031 1515 meminisset,
1081 1441 1162 1503 ob
1208 1460 1485 1525 nuperos
1530 1462 1642 1524 per
1669 1439 2021 1505 Heluetiam
2069 1452 2279 1503 motus
2319 1455 2382 1505 et
2426 1442 2781 1505 animorum

507 1562 511 1569 ·
618 1523 863 1593 ‘dissidia
897 1527 1275 1590 videndi-aut
1308 1527 1674 1590 conferendi
1720 1527 1888 1590 nulla
1927 1525 2064 1608 spes
2108 1527 2435 1607 supererat.
2520 1525 2780 1589 Interim

492 1655 498 1663 ·
531 1648 535 1653 ·
632 1616 798 1678 idem
828 1610 1282 1686 schminckius‚
1324 1612 1428 1694 qui
1464 1631 1595 1694 non
1626 1612 1833 1677 minus
1861 1609 2360 1692 meiS‚quam‘sui
2390 1610 2574 1697 ipfius
2601 1628 2778 1673 com-

440 1715 446 1724 '
631 1697 839 1764 modis
882 1695 1172 1765 inseruire
1216 1696 1535 1780 cupiebat,
1579 1713 1721 1760 cum
1760 1697 1945 1759 etiam
1987 1695 2049 1758 in
2092 1695 2463 1759 bibliotheca
2495 1695 2778 1760 Guelfer-

468 1819 476 1827 ·
514 1783 531 1804 ⁸
631 1783 864 1866 bytana
900 1781 1034 1847 Silii
1077 1781 1360 1844 codicem
1398 1782 1620 1845 seruari
1661 1781 2071 1862 intelligeret,
2130 1800 2263 1842 non
2300 1794 2441 1845 ante
2480 1781 2779 1862 conquie-

632 1869 754 1940 vit,
818 1885 998 1947 quam
1048 1867 1395 1942 EccarduS,
1441 1862 1751 1928 Professor
1791 1864 2355 1928 Helmaestadienfis
2378 1913 2393 1939 ,
2438 1863 2785 1947 recepisset,

633 1947 693 2016 se
716 1953 923 2013 varias
965 1950 1099 2009 eius
1124 1948 1431 2012 lectiones
1469 1954 1926 2031 excerpturum,
1964 1960 2034 2012 et
2062 1950 2136 2011 ad
2166 1970 2268 2012 me
2297 1948 2627 2022 missurum,
2669 1949 2783 2031 qui

632 2049 874 2105 tamen,
919 2052 1062 2093 cum
1097 2052 1174 2094 ex
1207 2031 1318 2095 illo
1348 2043 1636 2113 tempore
1666 2033 1848 2096 variis
1892 2034 2171 2114 negotiis
2211 2035 2521 2118 inpeditus
2567 2034 2783 2107 fuerit,

633 2136 768 2183 tum
823 2115 1106 2198 inprimis
1149 2116 1447 2196 quoniam
1490 2118 1550 2179 ei
1583 2117 1906 2199 prouincia
1946 2118 2260 2182 historiam
2306 2139 2375 2182 ac
2424 2139 2525 2181 res
2573 2118 2783 2200 gestas

635 2201 903 2281 Georgii
931 2202 976 2264 Ι.
1015 2200 1210 2280 Regis
1239 2204 1508 2283 Magnae
1550 2204 1899 2266 Britanniae
1940 2213 2004 2266 et
2030 2200 2341 2267 Eleftoris
2378 2203 2783 2269 Brunsuicen-

632 2286 712 2351 fis
757 2284 1181 2350 conscribendi
1220 2286 1484 2368 inposita
1518 2284 1621 2352 fit.
1660 2286 1848 2350 fidem
1878 2287 2079 2352 datam
2112 2288 2311 2351 adhuc
2353 2288 2591 2351 soluere
2629 2306 2782 2369 pro-

630 2370 864 2435 hibitus
903 2368 1006 2433 est.
1093 2370 1195 2434 Eo
1226 2390 1379 2435 vero
1409 2371 1727 2436 molestius
1767 2372 1899 2445 tuli,
1934 2387 2258 2454 vtrumque
2289 2374 2414 2436 hoc
2445 2374 2786 2455 negotium

632 2458 700 2518 in
731 2454 971 2517 fumum
1014 2451 1252 2530 abiisse,
1299 2457 1470 2538 quod
1507 2454 1683 2519 simul
1721 2476 1976 2520 omnem
2005 2455 2172 2540 spem
2202 2459 2456 2520 codices
2482 2459 2638 2532 aliis,
2670 2459 2787 2540 qui

633 2538 799 2607 Silio⁴
824 2557 1015 2620 opem
1043 2539 1333 2610 tulerunt,
1383 2560 1515 2602 non
1547 2539 1709 2614 visos
1735 2542 2120 2605 nanciscendi
2149 2546 2398 2624 penitus
2426 2542 2575 2605 mihi
2603 2562 2785 2625 prae-

633 2624 817 2688 cisam
848 2644 1187 2686 cernerem.
1300 2624 1459 2688 Nam
1501 2636 1743 2707 praeter
1774 2625 2176 2708 manuscripta
2208 2628 2557 2700 volumina,
2615 2635 2785 2709 ‘quo-

632 2728 772 2791 rum
801 2710 998 2771 modo
1024 2708 1300 2783 memini,
1345 2723 1410 2773 et
1436 2730 1529 2783 ea,
1568 2729 1726 2791 quae
1754 2708 2039 2775 Heinsius
2068 2711 2290 2794 aliique
2316 2712 2449 2777 Silii
2478 2713 2787 2793 interpre-

633 2809 730 2857 tes
767 2792 1204 2856 consuluerunt
1236 2801 1417 2875 atque
1451 2792 1855 2869 excufl‘erunt,
1901 2816 2168 2877 quorum
2191 2799 2661 2878 integerrimum
2687 2808 2789 2861 ee-

631 2881 757 2941 iam
784 2890 963 2960 atque
999 2878 1272 2959 optimae
1305 2890 1492 2942 notae
1522 2879 1898 2945 Coloniense
1932 2882 2157 2944 dudum
2189 2877 2425 2963 pei-iiss‘e
2455 2881 2560 2964 est,
2604 2877 2791 2962 quod

632 2961 1024 3043 suspicemur,
1065 2962 1183 3025 rari
1217 2983 1327 3044 per
1343 2965 1662 3049 Europam
1690 2979 1916 3048 poetae
1944 2965 2134 3028 nostri
2161 2967 2430 3032 Codices
2463 2967 2791 3050 reperiun-

630 3059 753 3120 tur,
798 3062 862 3109 et
893 3045 1138 3121 nesci0,
1181 3066 1260 3109 an
1287 3047 1519 3130 plures,
1563 3068 1746 3131 quam
1781 3049 2224 3114 recentissimus
2248 3051 2372 3123 ille,
2415 3071 2599 3133 quem
2633 3062 2789 3113 ante

632 3132 757 3193 hoc
787 3131 1138 3205 biennium,
1189 3152 1333 3195 cum
1379 3133 1664 3197 Lutetiae
1702 3135 2030 3215 versarer„
2069 3135 2134 3199 in
2161 3135 2535 3200 bibliotheca
2576 3136 2792 3217 Regis

632 3215 1110 3282 Christianiffimi
1151 3217 1356 3288 videre
1403 3218 1709 3302 contigit,
1781 3219 1882 3283 sed
1927 3218 2012 3282 ob
2053 3222 2359 3303 temporis
2406 3219 2790 3283 breuitatem

631 3322 773 3363 cum
804 3301 987 3364 editis
1017 3301 1411 3367 committere
1427 3305 1575 3366 ‘non
1607 3304 1805 3385 potui,
1848 3314 1911 3367 et
1945 3304 2047 3366 sex
2083 3306 2183 3367 alii
2215 3306 2277 3369 in
2317 3307 2504 3378 Italia,
2547 3306 2794 3387 pariter

629 3406 830 3468 nuper
879 3384 1119 3467 scripti,
1174 3405 1443 3471 quorum
1488 3389 1759 3471 quinque
1803 3392 1868 3453 in
1905 3389 2277 3453 bibliotheca
2320 3390 2536 3472 Magni
2577 3386 2794 3454 Ducis

627 3470 935 3542 Etruriae,
980 3490 1167 3533 vnum
1204 3472 1268 3534 in
1295 3471 1672 3537 bibliotheca
1706 3472 2181 3538 Eminentissimi
2208 3476 2546 3556 Cardinalis
2589 3475 2792 3538 Otto-

629 3555 783 3617 boni
810 3555 1040 3619 exstare
1073 3574 1288 3618 coram
1326 3556 1479 3629 mihi
1519 3558 1867 3622 adfirmauit
1911 3557 2077 3622 testis
2118 3558 2403 3624 oculatus
2436 3561 2528 3623 vii·
2554 3561 2791 3644 'erudi-

627 3638 904 3707 tissimus.
950 3653 1015 3704 et
1051 3658 1183 3703 non
1217 3642 1412 3703 modo
1444 3642 2014 3716 Benediffinorum,
2058 3641 2160 3706 sed
2194 3646 2388 3709 totius
2418 3646 2603 3707 etiam
2630 3644 2794 3708 Gal-

547 3741 553 3747 ·
625 3722 743 3785 liae
783 3726 996 3791 lumen
1026 3743 1097 3787 ac
1137 3724 1443 3808 singulare
1484 3728 1677 3793 decus
1714 3729 2061 3795 Bernardus
2098 3730 2173 3791 de
2203 3729 2641 3795 montfaucon.
2668 3727 2798 3813 ⁸⁰)

690 3897 711 3936 Ι
2584 3813 2794 3900 Codi·
2865 3833 2866 3838 ¹

667 4041 669 4043 ,
700 3970 803 4042 ⁸0)
839 3978 885 4028 Α
914 3973 1084 4031 Lefeb.
1121 3977 1277 4033 etiam
1318 3977 1533 4034 collatus
1571 3980 1640 4034 est
1755 3983 2011 4034 Praeterea
2046 3982 2096 4034 in
2130 3981 2371 4036 Bibliotb.
2403 3982 2495 4035 lar.
2522 3980 2795 4035 Fabricio-

630 4044 786 4097 Codex
821 4050 1113 4117 Τιϋειὲαῃω·
1152 4054 1254 4105 (ine
1296 4053 1533 4112 Telluri,
1584 4053 1638 4103 in
1748 4055 2004 4105 Ernessina
2031 4057 2268 4108 Tomdl.
2308 4071 2358 4122 p.
2383 4065 2496 4127 174.
2533 4055 2794 4107 laudatur

624 4116 769 4169 ltalia
807 4118 1077 4172 inchoatus
1112 4137 1333 4190 a.1413.
1374 4124 1637 4177 absolutus
1749 4125 1878 4177 alius
1906 4126 2067 4176 codex
2106 4127 2382 4195 antiquus,
2419 4127 2481 4177 de
2523 4141 2630 4196 quo
2667 4127 2794 4177 Phi-

622 4200 841 4257 1-1417.
880 4198 1042 4243 bonae
1068 4209 1242 4255 notae,
1278 4213 1384 4249 non
1421 4194 1635 4265 integer,
1746 4195 1916 4263 lippus
1949 4199 2145 4249 Rollius
2174 4198 2228 4249 in
2255 4197 2406 4259 libro,
2442 4196 2527 4249 cui
2555 4193 2750 4248 titulus
2772 4217 2801 4263 :-

552 4276 556 4293 ¹
593 4258 752 4328 3varia
802 4276 966 4317 manu
1009 4261 1219 4337 scriptus
1241 4302 1257 4327 ,
1317 4268 1632 4321 chartaceus.
1750 4268 1968 4322 Rirram
1994 4270 2049 4322 da·
2082 4270 2231 4323 Roma
2258 4273 2421 4324 antica
2443 4283 2560 4340 pag.
2582 4273 2671 4335 83.
2695 4270 2793 4321 vbi

2713 4336 2791 4392 de
