2867 5059
145 325 149 335 ⁵
317 362 345 427 ι
674 326 1049 452 counuurafrror
1144 367 1146 372 ’
1219 421 1224 432 ,

251 587 254 594 ,
319 528 571 595 emendationem
586 532 639 593 aut
652 515 885 593 indurationem
900 513 1038 606 aaron
1052 523 1147 595 nostrl
1168 522 1274 614 paflir‘n
1295 547 1331 596 ac
1344 547 1394 597 ma

322 618 377 681 riis
389 615 469 679 locis
487 614 740 686 adnotauerant,
753 628 947 697 quorumque
969 614 1129 697 multiplex
1151 615 1183 678 in
1199 617 1285 679 notis
1301 616 1405 684 Heine.

322 700 414 765 iianis
428 698 548 762 mentio
561 696 670 772 ssebat,
692 699 726 760 in
741 698 883 761 ordinem
898 699 1089 780 digererem,
1110 709 1143 770 et
1154 701 1317 765 contextui
1330 698 1397 763 sub·

322 787 460 850 ilcerem.
502 784 539 854 In
559 799 624 863 quo
641 794 790 863 quantum
804 781 960 846 molestiae
975 782 1050 846 mihi
1065 785 1280 848 deuorandum
1293 784 1398 859 fuerit,

325 887 420 934 nemo
437 885 594 948 exaequo
614 866 772 930 aestimare
787 867 902 949 potest,
924 864 980 930 nifi
997 867 1061 949 qui,
1081 868 1112 931 in
1126 866 1223 932 simile
1238 870 1398 950 quondam

324 955 483 1038 pistrinum
498 949 653 1022 detmlur,
674 952 828 1020 eumdem,
850 971 942 1034 quem
961 969 1042 1033 ego,
1061 952 1201 1018 laborem
1220 954 1397 1017 exantlauit.

326 1038 448 1107 Deinde
467 1056 539 1099 cum
553 1035 693 1100 Danielis
707 1027 823 1103 Heinlii
845 1037 1020 1119 Crepundia
1033 1036 1166 1112 Siliana,
1191 1058 1269 1120 quae
1289 1038 1399 1137 paucis

292 1126 296 1131 ’
324 1123 451 1208 paginis
469 1122 631 1202 ingentem
649 1121 829 1184 reconditae
845 1140 881 1183 ac
901 1139 965 1183 non
980 1122 1129 1203 protritae
1142 1123 1326 1194 emditionrs
1344 1141 1399 1185 co

326 1213 413 1294 piam
436 1208 618 1277 continent,
630 1205 739 1276 ,rarius
760 1205 875 1278 nonin
894 1203 943 1268 his
960 1205 1050 1269 terris
1066 1207 1183 1282 modo,
1214 1205 1264 1270 sed
1285 1207 1399 1289 vbique

212 1307 216 1316 ’
325 1296 440 1363 etiam,
461 1287 595 1354 inueniri
617 1287 755 1371 pollent,
774 1300 837 1363 aut,
858 1287 963 1353 licasu
981 1290 1204 1367 inuenirentur,
1226 1309 1318 1374 quam
1336 1310 1400 1354 ani·

329 1377 432 1450 mose,
454 1357 481 1461 li'
492 1374 609 1439 molem
624 1372 718 1438 libelli
738 1371 873 1454 spectas,
894 1385 926 1444 et
942 1373 1049 1438 insano
1067 1373 1169 1457 pretio
1183 1395 1400 1460 compararen-

328 1477 391 1538 tur,
412 1479 478 1526 non
500 1457 758 1521 committendum
776 1456 896 1532 censui,
921 1470 954 1523 vt
972 1458 1124 1524 bonarum
1144 1461 1254 1524 artium
1273 1455 1402 1541 naaion

166 1531 169 1538 ¹
215 1597 217 1602 .
270 1535 277 1544 ⁴
324 1564 394 1616 tam
408 1542 563 1627 exquisitis
577 1542 722 1608 bellariis.
742 1541 917 1624 praesertim
931 1529 999 1607 data
1014 1542 1070 1606 hac
1083 1533 1400 1619 benficiavlteriua

329 1642 488 1702 carerent,
515 1639 568 1691 aut
584 1625 674 1711 saepe
690 1627 795 1708 aliquo
815 1626 924 1690 census
939 1627 1126 1693 detrimento
1144 1628 1198 1693 fibi
1217 1647 1401 1712 comparare

328 1713 448 1784 necesse
464 1711 623 1776 habetat.
665 1709 709 1784 Vt
721 1713 823 1795 itaque
836 1710 1001 1787 receniita,
1021 1724 1070 1787 et,
1092 1714 1321 1798 quanmrnfieri
1345 1731 1402 1799 po·

328 1806 398 1876 tuit,
420 1797 580 1863 aiordidis
598 1797 870 1878 typographorum
889 1796 970 1860 vitiis
994 1809 1026 1861 et
1040 1797 1198 1862 erroribus
1219 1809 1402 1886 expurgata,

328 1901 364 1953 rt
377 1885 549 1964 editionem
561 1881 890 1960 Lugduno-llatauam
905 1892 937 1944 et
950 1881 1230 1964 cantabrigiensem
1251 1903 1324 1966 cnm
1345 1883 1404 1946 nac

64 1945 70 1968 ⁵
128 1985 170 2030 .’
241 2037 245 2046 ,
331 1968 434 2035 nostra
449 1963 647 2045 comparanti
661 1961 793 2045 patebit,
814 1962 866 2026 hic
881 1964 986 2027 denuo
999 1968 1260 2048 exprimerentur,
1282 1965 1403 2030 curaui.

330 2057 380 2124 Ne
393 2051 462 2134 quia
477 2061 580 2111 autem
595 2047 724 2110 miretur
739 2046 787 2109 vel
800 2048 913 2130 culpet,
935 2048 1049 2113 nullam
1061 2072 1111 2113 me
1127 2054 1281 2115 rationem
1297 2053 1332 2115 in
1344 2052 1405 2115 hac

304 2187 307 2194 ,
330 2133 471 2202 editione
485 2127 618 2195 habuisse
633 2132 880 2207 adnotationum,
897 2151 974 2213 quas
988 2135 1020 2196 in
1034 2148 1159 2216 poetam
1173 2137 1309 2200 nostrum
1326 2155 1407 2200 con·

330 2217 445 2302 scripsit
467 2214 681 2299 Dausqueiua,
704 2235 836 2297 aequum
850 2215 1016 2282 Lestorem
1030 2222 1221 2284 monendum
1240 2222 1327 2295 duxi,
1353 2239 1407 2284 me

247 2325 268 2360 .¹
331 2300 502 2388 iustissimas¹
518 2298 621 2365 causas
641 2298 793 2375 nabutte,
820 2304 876 2365 cur
893 2301 943 2364 hic
960 2322 994 2365 re
1017 2305 1108 2368 etitae
1125 2323 1192 2368 non
1207 2303 1280 2370 lint·
1320 2306 1407 2371 Nam

229 2419 231 2428 >
332 2409 405 2455 cum
427 2386 509 2451 solae
526 2385 642 2449 modici
666 2385 834 2448 voluminis
854 2386 946 2449 instar
964 2407 982 2449 e
1003 2386 1175 2471 epolient,
1195 2387 1409 2454 studiosorum

331 2471 480 2541 sumtibus
493 2489 623 2555 parcere
640 2468 750 2543 debui,
770 2489 822 2546 ne,
842 2466 933 2533 frear
948 2469 1033 2548 aliis,
1056 2492 1132 2556 quaa
1146 2494 1228 2537 nunc
1246 2474 1330 2550 dedi,
1354 2473 1408 2556 ad·

295 2613 304 2620 .
332 2555 484 2632 ieciliem,
509 2555 594 2618 mole
614 2553 701 2628 libri,
724 2555 804 2622 vnde
826 2555 919 2618 etiam
938 2557 1072 2637 pretium
1091 2565 1408 2641 augeretur,'emto·

274 2705 283 2712 .
332 2663 401 2710 reni
420 2641 609 2706 deterrerem
623 2639 744 2720 magis,
769 2658 860 2721 quam
876 2638 1047 2706 allicerem:
1076 2639 1294 2727 praeterquam
1315 2641 1414 2726 quod

333 2729 427 2794 etiam
441 2725 539 2807 longe
554 2723 684 2806 plurima
697 2722 758 2785 illis
772 2722 872 2800 inlint,
893 2743 972 2807 quae
988 2725 1216 2810 elegantior'um
1230 2727 1409 2791 studiorum

252 2839 257 2852 ·
313 2869 315 2872 .
332 2811 505 2878 cultoribus
519 2827 585 2870 non
599 2826 743 2889 magnam
757 2807 915 2872 utilitatem
930 2808 1126 2891 praestarent,
1165 2813 1292 2876 uoniam
1301 2812 1411 2877 Daus-

332 2897 444 2981 queiua
458 2894 553 2958 multa
573 2891 613 2955 iia
637 2890 846 2966 admiscuerit,
868 2912 965 3039 joae,
994 2892 1047 2958 nifi
1064 2831 1185 2960 inienio
1208 2897 1302 2968 odio,
1327 2915 1413 2980 quo,

333 2980 550 3062 nescioquam
572 2975 615 3038 ob
636 2973 773 3062 cauam,
809 2979 867 3041 Mo
888 2978 952 3040 ium
972 2998 1010 3041 ac
1025 2979 1104 3044 Dan.
1117 2979 1277 3047 Heinlium
1298 2980 1414 3062 prose·

290 3115 300 3130 .
333 3065 493 3148 queratur,
514 3073 703 3126 occoecatua
716 3073 807 3142 atque
820 3061 851 3124 in
867 3064 1009 3144 peiorem
1022 3064 1202 3147 plerumque
1216 3079 1337 3148 partem
1356 3069 1412 3127 ab·

332 3162 441 3231 ceptus
461 3146 578 3219 ioiil'et,
611 3144 673 3228 ipse
701 3146 874 3209 omittenda
892 3158 983 3229 atque
1005 3148 1178 3215 inducenda
1201 3148 1341 3232 putasset.
1368 3180 1415 3199 -

334 3235 415 3302 Cum
433 3247 536 3296 autem
559 3248 625 3293 non
648 3230 784 3292 aliorum
798 3232 897 3293 modo
915 3251 1010 3294 curas
1027 3233 1060 3295 in
1080 3233 1240 3299 artiorem
1263 3233 1415 3298 nostrum

335 3319 444 3402 edere,
465 3313 596 3397 ied‘iple
611 3315 704 3377 etiam
719 3307 831 3414 aliquid
845 3318 971 3391 conari,
995 3328 1028 3380 et
1042 3317 1076 3379 in
1087 3318 1168 3384 Silio
1181 3317 1357 3408 stpdiorum
1374 3320 1415 3382 ti·

334 3401 489 3469 rocinium
505 3399 664 3481 deponere
684 3397 919 3464 constituissem:
952 3402 1165 3478 Burmannus,
1188 3404 1238 3466 cui
1254 3414 1416 3486 quantum

212 3509 215 3522 ¹
246 3501 250 3512 ’
334 3489 412 3553 haec
424 3484 526 3548 'editio
547 3481 674 3559 debeat,
692 3473 755 3546 ia'm
775 3482 911 3567 superius
932 3486 1123 3566 praedicaui,
1149 3506 1217 3552 non
1235 3498 1416 3552 contentu·

335 3594 391 3648 ea,
413 3588 492 3653 quae
505 3566 658 3640 vidimus,
679 3566 866 3649 praebuifl‘e,
900 3572 1030 3651 gratiam
1052 3573 1164 3646 etiam,
1192 3591 1252 3656 qua
1274 3570 1417 3648 valebat,

336 3657 418 3738 apud
430 3651 631 3752 Ezechielem
646 3651 869 3751 Spaniiemium
884 3653 1086 3755 interponege
1102 3674 1168 3719 non
1183 3656 1354 3757 dubitauit,
1380 3666 1419 3721 vt

334 3735 1419 3904 teraturtranninturiani-luat·

288 3883 291 3890 ¹
330 3841 492 3973 {gentiiis
507 3907 606 3972 varim
618 3867 784 3988 icripturae
799 3906 940 3973 Colinrei
957 3874 1089 3973 editioni
1101 3907 1284 3976 Heinfianae
1297 3859 1421 3974 anserii

154 3975 163 3994 ’
245 4049 254 4054 .
334 4003 408 4074 prae
432 4007 498 4054 non
514 3989 599 4064 lunt,
628 3990 792 4054 transndtti
812 4004 942 4058 curaret.
995 3992 1093 4060 Cuius
1116 3991 1272 4058 beneflcio
1300 3996 1422 4070 etiam,

335 4075 425 4140 sacile
440 4073 471 4135 id
489 4076 681 4139 concedente
694 4075 850 4142 Richardo
864 4075 1019 4152 Bentleio,
1039 4078 1227 4143 Academiae
1244 4075 1423 4145 Oxonieri-

334 4159 374 4225 fis
389 4157 570 4268 cancellarii
587 4160 670 4274 trices
692 4176 823 4243 agente,
844 4161 1046 4277 collationem
1062 4163 1131 4229 eiua
1149 4163 1425 4316 manustram
