2867 5059
131 336 389 470 ‘lxxiv
469 383 480 396 ·
640 333 998 486 eonnpnrnrro
1202 321 1207 344 ι
1276 433 1279 454 ‚

286 562 287 566 ’
307 609 311 624 ζ
331 543 726 621 “Comvetere1historla,
760 555 828 612 turn
846 544 968 613 nostrae
987 543 1097 609 aeratis
1116 542 1170 609 vsu
1184 540 1292 608 edot'ri·
1304 539 1370 608 sei·

143 677 146 680 2
179 707 183 712 ¹
250 649 254 656 ’
287 627 380 704 ωε,
400 630 560 694 literarum
578 640 610 695 et
624 631 870 704 arrium„veluri
885 652 925 694 ex
945 640 1072 694 naturae
1092 627 1250 694 uniuersae
1266 627 1371 690 imita·

39 709 45 718 ’
185 735 187 742 ’
289 715 396 787 tione,
415 709 498 783 hune
521 715 665 782 ordinem
682 712 786 791 soille,
806 727 840 781 vt
861 736 933 779 eum
954 715 1089 801 primum
1104 714 1142 778 ad
1159 712 1295 778 summae
1311 730 1368 774 en·

210 833 213 840 2
262 798 454 880 >uellentne
474 798 627 882 fastigium
651 797 943 878 excultae'suerint,
979 796 1086 863 sensim
1109 794 1278 880 sensimque
1300 793 1366 860 fine
1403 841 1408 848 -

251 921 261 952 ι
289 883 458 948 hominurn
470 881 582 950 desidia
597 899 631 948 et
649 883 860 966 negligentia,
892 882 958 948 siue
973 882 1104 966 quadarn
1125 880 1306 964 emergendi
1326 877 1371 943 aa

43 1005 51 1018 ·
111 1031 116 1052 ,
200 1017 226 1056 ·.
290 967 402 1032 altiora
416 979 448 1034 et
464 966 624 1050 superandi
639 968 870 1052 desperatione,
888 966 953 1034 fine
969 968 1102 1049 denique
1114 963 1220 1052 rerum
1233 963 1370 1050 publiea·

290 1072 361 1118 rum
384 1073 421 1116 ea
434 1052 656 1132 eonuerfione,
677 1073 756 1138 quae
778 1053 934 1138 pristinam
946 1052 1146 1142 ingeniorum
1166 1052 1229 1115 vim
1242 1049 1369 1132 stangav
1407 1125 1411 1134 ι

169 1159 175 1170 ·
239 1185 253 1214 .-
290 1147 357 1228 ret,
380 1146 472 1218 atque
493 1138 637 1206 aliorsum
657 1137 755 1204 studia
774 1138 965 1211 traduceret,
989 1135 1028 1199 ad
1046 1134 1215 1220 superioris
1232 1134 1371 1207 formae,

104 1287 107 1296 ,
291 1239 386 1304 quam
404 1232 571 1301 exuerant,
592 1220 761 1288 exilitatem
779 1222 932 1304 quandam
948 1219 1166 1286 relaberentur.
1207 1218 1294 1285 Haec
1313 1235 1369 1280 an·

68 1319 71 1328 '
133 1303 140 1324 '
168 1303 170 1312 ’
244 1355 249 1366 ,
291 1316 357 1373 tem
375 1306 505 1372 munao
530 1308 565 1371 in
583 1306 671 1372 nullo
694 1305 986 1392 generellterarnm
1006 1305 1107 1389 magis
1131 1324 1224 1388 quam
1243 1303 1277 1367 in
1298 1301 1369 1364 elo·

102 1385 126 1472 ⁵.
175 1455 179 1468 ,
291 1391 418 1473 quentia
444 1402 476 1455 et
488 1388 574 1477 poesr
587 1393 737 1480 adparuit.
779 1391 872 1476 Apud
886 1392 1026 1470 Graecos
1046 1389 1173 1474 quidem
1189 1386 1371 1470 eloquentia

191 1513 195 1524 ι
290 1494 363 1538 cunr
376 1474 448 1542 inda
463 1496 481 1538 a
496 1474 617 1544 Solone
631 1487 663 1544 et
676 1474 828 1545 Pisistrato
842 1495 898 1562 per
911 1486 1055 1558 tempora
1069 1473 1255 1558 reipublicae
1269 1470 1374 1550 Athe·-

125 1593 149 1646 ,²
213 1567 215 1576 ⁴
289 1557 404 1627 niensis
418 1569 451 1626 et
463 1558 611 1625 libertatis
626 1560 678 1630 vsu
690 1571 724 1628 et
734 1558 1056 1646 praestantissimorum
1069 1553 1372 1641 ingeniommvbere

247 1705 251 1708 .
290 1652 355 1709 tate
372 1641 554 1729 seliciffima,
576 1664 673 1728 vaque
687 1646 726 1712 ad
745 1639 964 1710 Demonnesos
978 1645 1110 1710 aetatem
1123 1640 1283 1716 floruisset,
1298 1656 1369 1704 non

274 1726 392 1795 -multo
409 1715 496 1814 poli,
527 1728 642 1796 sublata
660 1728 817 1803 libertate,
840 1746 1025 1810 morumque
1041 1747 1077 1790 ae
1093 1726 1273 1798 studiorum
1284 1721 1370 1788 nen

290 1812 485 1887 mutatione,
513 1833 530 1875 a
547 1811 703 1880 causarum
721 1814 850 1878 veritate
874 1823 906 1877 et
924 1813 1046 1889 lumine
1065 1810 1182 1878 forensi
1198 1811 1237 1874 ad
1251 1805 1369 1872 schoh-

291 1915 361 1964 rnrn
378 1895 611 1980 gymnasiorum
633 1895 672 1962 ue
688 1895 827 1962 umbram
842 1907 874 1961 et
887 1895 1031 1963 fitiarum
1043 1894 1200 1962 causarum
1210 1893 1370 1960 ammeta

289 1979 429 2046 tradutbr
452 1979 596 2065 paulatim
612 1916 816 2067 degenerauit
837 1993 932 2066 atque
951 1981 1091 2063 elanguit
1105 1982 1183 2048 vitio
1206 1979 1372 2044 rhetorum

117 2085 122 2098 ’
160 2116 167 2132 ,
267 2145 271 2148 Δ
290 2076 325 2131 et
338 2063 557 2149 sophistarum,
579 2065 632 2147 qui
652 2084 749 2134 orone
763 2064 961 2146 eloquentiae
980 2063 1112 2134 studium
1123 2066 1176 2130 'ad'
1188 2061 1372 2130 ostentatio·

128 2187 132 2200 ι
284 2167 365 2212 *nem
385 2147 546 2232 quandam
562 2146 722 2218 nouenae
747 2159 781 2214 et
811 2152 885 2213 artis
913 2148 1144 2215 affettationern
1175 2147 1368 2218 conferrent.

290 2230 385 2316 Apud
406 2233 571 2299 Romanoa
599 2245 703 2300 autern
723 2233 854 2300 eandem
871 2234 941 2319 post
960 2235 1124 2300 Ciceronis
1145 2244 1278 2301 aetatem
1299 2229 1370 2297 elo·

292 2316 438 2399 quentiae
455 2314 571 2384 sortem
584 2314 680 2392 suilla,
702 2318 772 2403 quis
786 2319 829 2382 ita
842 2339 950 2403 parurn
967 2317 1081 2387 dotbur
1096 2316 1150 2392 est,
1170 2330 1204 2385 vt
1216 2312 1373 2402 ignoret?

291 2399 375 2470 Hine
393 2402 497 2483 itaque
516 2401 711 2467 Graecorum
728 2402 854 2487 quidem
866 2406 1001 2478 uallem,
1023 2397 1190 2477 exuuiae,
1208 2403 1371 2468 Romano,

268 2559 271 2566 ¹
289 2504 360 2550 rum
375 2505 452 2550 vero
468 2483 699 2552 declamationes
715 2497 803 2554 ortae
816 2486 894 2562 suut,
919 2485 1092 2560 subtilitate,
1108 2481 1370 2568 ‘acuminequae-

183 2607 185 2612 .
230 2616 233 2622 ,
290 2567 407 2654 litaque
424 2571 556 2655 quadam
570 2570 726 2653 elegantia
745 2572 896 2646 refertae,
926 2581 957 2638 at
971 2568 1088 2636 robore
1104 2579 1136 2638 et
1157 2571 1263 2636 neruis
1280 2566 1372 2635 desti·

152 2705 155 2712 ,
291 2664 394 2724 tutae,
427 2674 531 2739 eoque
551 2653 742 2728 remotiores
760 2677 778 2719 a
799 2669 924 2721 naturae
966 2652 1150 2720 ulcritudine
1165 2657 1206 2733 'et
1227 2653 1372 2727 veritate,

286 2757 357 2821 ‚quo
370 2735 466 2803 essent
480 2739 602 2826 abarte
622 2739 828 2806 luxuriantius
843 2739 937 2807 instra
986 2760 1014 2806 e.
1055 2739 1093 2806 In
1111 2759 1146 2808 re
1163 2738 1289 2826 poetica
1302 2736 1371 2802 Ro·

292 2842 458 2887 manorum
489 2821 579 2903 (nam
599 2825 638 2886 de
664 2825 713 2892 his
736 2825 829 2889 nobis
853 2844 935 2888 nunc
963 2820 1152 2906 potiffimum
1180 2824 1281 2891 sernio
1308 2819 1372 2904 est)

292 2907 367 2990 quid
384 2904 479 2975 limile
498 2909 662 2988 acciderit,
683 2911 791 2995 paucis
804 2909 923 2994 poterit
936 2906 1147 2974 demonstrari.
1189 2899 1375 2974 Feliefflma

290 2991 429 3078 poeseos
443 2992 572 3058 Latinae
588 3004 692 3068 aetas,
722 3012 788 3057 non
812 2993 938 3058 dubium
957 2991 1018 3067 est,
1040 2993 1114 3074 quin
1135 2991 1275 3059 sueritH
1360 2990 1377 3036 '=

210 3143 212 3154 ¹
293 3091 326 3142 et
348 3073 475 3158 Virgilii
494 3077 688 3163 temporibus
709 3078 881 3144 terminata.
938 3077 979 3144 Hi
1000 3076 1102 3152 eadm,
1139 3088 1172 3140 et
1194 3077 1247 3158 qui

293 3169 366 3226 ante
382 3180 441 3226 eos
462 3173 576 3243 poetae
593 3161 739 3232 celebrati
759 3162 837 3236 suut,
860 3163 1002 3244 quamuis
1017 3162 1139 3243 ingenii
1160 3159 1306 3224 felicitate
1323 3177 1374 3226 tu·

292 3243 388 3311 tense
408 3245 533 3320 diuersr‘,
554 3258 658 3313 tamen
677 3247 753 3312 illud
772 3267 885 3311 ornnes
902 3244 1056 3311 habebant
1074 3245 1249 3332 praecipui,
1272 3243 1374 3327 quod,

293 3345 365 3395 eum
386 3331 476 3416 primi
492 3332 687 3396 Graecorum
706 3343 804 3396 artem
827 3331 997 3396 uniuersam
1016 3331 1173 3413 poeticam
1193 3340 1227 3394 et
1240 3339 1375 3396 omaora

258 3417 267 3432 “
294 3414 393 3499 latino
415 3414 812 3498 sermoneexprimerent,
839 3435 905 3482 non
924 3414 1022 3477 solum
1042 3415 1088 3478 rei
1105 3415 1246 3481 nouitate
1268 3412 1374 3498 place·

294 3503 374 3573 terit,
395 3497 447 3562 sed
463 3510 494 3564 et
506 3499 598 3566 alieni
612 3499 649 3562 ab
664 3501 882 3566 aemulationis
896 3500 1094 3581 cernuntque
1105 3499 1243 3574 libidine,
1252 3496 1377 3566 reihand

294 3583 406 3664 ubique
430 3584 577 3649 iudicium
593 3583 809 3669 sequerentur,
834 3596 867 3649 et
885 3584 1128 3667 artiselegantis
1144 3584 1225 3667 apud
1240 3583 1376 3650 Latinos

246 3683 250 3690 ·
292 3666 438 3749 exempla
460 3667 631 3734 existerent.
682 3669 754 3736 Post
772 3669 855 3734 illam
876 3680 1024 3743 aetatem,
1049 3669 1145 3733 veluti
1168 3668 1219 3732 vsu
1242 3665 1375 3751 pristino

295 3752 414 3825 adtritis
429 3753 632 3835 ingeniorum
646 3752 773 3828 viribus,
795 3764 828 3818 et
841 3751 982 3818 fontibus
996 3751 1203 3834 exquisitioris,
1216 3752 1301 3836 artis,
1320 3771 1376 3818 cu·

174 3903 177 3911 ,
257 3875 261 3880 ·
294 3838 345 3902 ius
365 3838 506 3919 exempla
520 3839 638 3904 Graeci·
650 3840 863 3920 praeiuerant,
885 3838 928 3914 ita
949 3836 1113 3911 exhaustis,
1137 3849 1170 3905 vt
1186 3837 1309 3920 praeter
1322 3855 1377 3898 va·

127 3949 139 3960 ³
179 3921 187 3934 '
242 3921 462 3988 ..elationem
490 3935 619 3987 ornatus
645 3919 778 4009 veteris,
812 3933 844 3990 et
859 3922 1042 3988 imitationis
1061 3920 1247 3990 domesticae
1266 3939 1377 3982 euram

295 4024 396 4092 prope
412 4004 488 4071 nilis
501 4007 744 4094 relinqueretur,
765 4006 926 4074 indubium
943 4006 987 4074 est
1007 4006 1164 4090 quoddam
1181 4003 1380 4152 luxuriossum

461 4121 466 4128 ,
1236 4109 1300 4171 poe
1314 4106 1376 4151 eos

297 4215 359 4255 nem
369 4215 485 4267 veterum
502 4181 818 4270 informareauderetre-
864 4198 1010 4256 lebrlrarem
1024 4196 1186 4270 adeeplisent,
1203 4199 1231 4257 la
1243 4215 1379 4256 cemma·

299 4273 351 4327 lam
360 4271 413 4345 ipsa
424 4285 586 4346 argumenta,
593 4272 704 4344 quarab
711 4271 760 4329 illia
770 4289 824 4332 re,
865 4267 998 4348 quoddam
1020 4286 1172 4358 proponere.
